%YAML 1.1
%TAG !u! tag:unity3d.com,2011:
--- !u!1 &7698463660036756367
GameObject:
  m_ObjectHideFlags: 0
  m_CorrespondingSourceObject: {fileID: 0}
  m_PrefabInstance: {fileID: 0}
  m_PrefabAsset: {fileID: 0}
  serializedVersion: 6
  m_Component:
  - component: {fileID: 7698463660036756400}
  m_Layer: 0
  m_Name: C
  m_TagString: Untagged
  m_Icon: {fileID: 0}
  m_NavMeshLayer: 0
  m_StaticEditorFlags: 0
  m_IsActive: 1
--- !u!4 &7698463660036756400
Transform:
  m_ObjectHideFlags: 0
  m_CorrespondingSourceObject: {fileID: 0}
  m_PrefabInstance: {fileID: 0}
  m_PrefabAsset: {fileID: 0}
  m_GameObject: {fileID: 7698463660036756367}
  m_LocalRotation: {x: -0, y: -0, z: -0, w: 1}
  m_LocalPosition: {x: -6, y: 0, z: 0}
  m_LocalScale: {x: 1, y: 1, z: 1}
  m_Children:
  - {fileID: 7699002606839099616}
  - {fileID: 7699002605319846393}
  - {fileID: 7699002606428400308}
  - {fileID: 7699002607041391350}
  - {fileID: 7699002606600021413}
  - {fileID: 7699002605352187919}
  - {fileID: 7699002605574374717}
  - {fileID: 7699002605730966832}
  - {fileID: 7699002606264849557}
  m_Father: {fileID: 7698463660531360411}
  m_RootOrder: 0
  m_LocalEulerAnglesHint: {x: 0, y: 0, z: 0}
--- !u!1 &7698463660531360410
GameObject:
  m_ObjectHideFlags: 0
  m_CorrespondingSourceObject: {fileID: 0}
  m_PrefabInstance: {fileID: 0}
  m_PrefabAsset: {fileID: 0}
  serializedVersion: 6
  m_Component:
  - component: {fileID: 7698463660531360411}
  m_Layer: 0
  m_Name: CJ
  m_TagString: Untagged
  m_Icon: {fileID: 0}
  m_NavMeshLayer: 0
  m_StaticEditorFlags: 0
  m_IsActive: 1
--- !u!4 &7698463660531360411
Transform:
  m_ObjectHideFlags: 0
  m_CorrespondingSourceObject: {fileID: 0}
  m_PrefabInstance: {fileID: 0}
  m_PrefabAsset: {fileID: 0}
  m_GameObject: {fileID: 7698463660531360410}
  m_LocalRotation: {x: 0, y: 0, z: 0, w: 1}
  m_LocalPosition: {x: 0, y: 0, z: -5}
  m_LocalScale: {x: 1, y: 1, z: 1}
  m_Children:
  - {fileID: 7698463660036756400}
  - {fileID: 8525079500980332033}
  - {fileID: 7698463661386689881}
  - {fileID: 3591272152646858060}
  m_Father: {fileID: 0}
  m_RootOrder: 0
  m_LocalEulerAnglesHint: {x: 0, y: 0, z: 0}
--- !u!1 &7698463661386689880
GameObject:
  m_ObjectHideFlags: 0
  m_CorrespondingSourceObject: {fileID: 0}
  m_PrefabInstance: {fileID: 0}
  m_PrefabAsset: {fileID: 0}
  serializedVersion: 6
  m_Component:
  - component: {fileID: 7698463661386689881}
  m_Layer: 0
  m_Name: J
  m_TagString: Untagged
  m_Icon: {fileID: 0}
  m_NavMeshLayer: 0
  m_StaticEditorFlags: 0
  m_IsActive: 1
--- !u!4 &7698463661386689881
Transform:
  m_ObjectHideFlags: 0
  m_CorrespondingSourceObject: {fileID: 0}
  m_PrefabInstance: {fileID: 0}
  m_PrefabAsset: {fileID: 0}
  m_GameObject: {fileID: 7698463661386689880}
  m_LocalRotation: {x: -0, y: -0, z: -0, w: 1}
  m_LocalPosition: {x: -6, y: 0, z: 0}
  m_LocalScale: {x: 1, y: 1, z: 1}
  m_Children:
  - {fileID: 7699002605593321065}
  - {fileID: 7699002605916751024}
  - {fileID: 7699002606090500101}
  - {fileID: 7699002605749920293}
  - {fileID: 7699002606283032835}
  - {fileID: 7699002606934688375}
  - {fileID: 7699002604949892370}
  - {fileID: 7699002606166935604}
  - {fileID: 7699002605749602800}
  - {fileID: 7699002605715535658}
  - {fileID: 6778632171753281151}
  m_Father: {fileID: 7698463660531360411}
  m_RootOrder: 2
  m_LocalEulerAnglesHint: {x: 0, y: 0, z: 0}
--- !u!64 &1082842183544546025
MeshCollider:
  m_ObjectHideFlags: 0
  m_CorrespondingSourceObject: {fileID: 0}
  m_PrefabInstance: {fileID: 0}
  m_PrefabAsset: {fileID: 0}
  m_GameObject: {fileID: 8528981248792840243}
  m_Material: {fileID: 0}
  m_IsTrigger: 1
  m_Enabled: 1
  serializedVersion: 3
  m_Convex: 1
  m_CookingOptions: 14
  m_Mesh: {fileID: 4300000, guid: a19a9aa8b8240fe479daf001fa5a33d7, type: 3}
--- !u!114 &355561648601815438
MonoBehaviour:
  m_ObjectHideFlags: 0
  m_CorrespondingSourceObject: {fileID: 0}
  m_PrefabInstance: {fileID: 0}
  m_PrefabAsset: {fileID: 0}
  m_GameObject: {fileID: 8528981248792840243}
  m_Enabled: 1
  m_EditorHideFlags: 0
  m_Script: {fileID: 11500000, guid: 01b914a9011d3e24d987a7d2b22e1d99, type: 3}
  m_Name: 
  m_EditorClassIdentifier: 
--- !u!114 &806662757886440232
MonoBehaviour:
  m_ObjectHideFlags: 0
  m_CorrespondingSourceObject: {fileID: 0}
  m_PrefabInstance: {fileID: 0}
  m_PrefabAsset: {fileID: 0}
  m_GameObject: {fileID: 8528981248792840243}
  m_Enabled: 1
  m_EditorHideFlags: 0
  m_Script: {fileID: 11500000, guid: 0902701451e50e64a881e2394b6171f4, type: 3}
  m_Name: 
  m_EditorClassIdentifier: 
  obj: {fileID: 8528981248792840243}
  damage: 10
--- !u!1001 &3591892296319805352
PrefabInstance:
  m_ObjectHideFlags: 0
  serializedVersion: 2
  m_Modification:
    m_TransformParent: {fileID: 7698463660531360411}
    m_Modifications:
    - target: {fileID: 1000012629996514, guid: 81777fc0886bcb3418871dab46c58462, type: 3}
      propertyPath: m_Name
      value: SpeedUp
      objectReference: {fileID: 0}
    - target: {fileID: 4000013099078372, guid: 81777fc0886bcb3418871dab46c58462, type: 3}
      propertyPath: m_LocalPosition.x
      value: 0
      objectReference: {fileID: 0}
    - target: {fileID: 4000013099078372, guid: 81777fc0886bcb3418871dab46c58462, type: 3}
      propertyPath: m_LocalPosition.y
      value: 0.82
      objectReference: {fileID: 0}
    - target: {fileID: 4000013099078372, guid: 81777fc0886bcb3418871dab46c58462, type: 3}
      propertyPath: m_LocalPosition.z
      value: 12.73
      objectReference: {fileID: 0}
    - target: {fileID: 4000013099078372, guid: 81777fc0886bcb3418871dab46c58462, type: 3}
      propertyPath: m_LocalRotation.x
      value: -0
      objectReference: {fileID: 0}
    - target: {fileID: 4000013099078372, guid: 81777fc0886bcb3418871dab46c58462, type: 3}
      propertyPath: m_LocalRotation.y
      value: -0
      objectReference: {fileID: 0}
    - target: {fileID: 4000013099078372, guid: 81777fc0886bcb3418871dab46c58462, type: 3}
      propertyPath: m_LocalRotation.z
      value: -0
      objectReference: {fileID: 0}
    - target: {fileID: 4000013099078372, guid: 81777fc0886bcb3418871dab46c58462, type: 3}
      propertyPath: m_LocalRotation.w
      value: 1
      objectReference: {fileID: 0}
    - target: {fileID: 4000013099078372, guid: 81777fc0886bcb3418871dab46c58462, type: 3}
      propertyPath: m_RootOrder
      value: 3
      objectReference: {fileID: 0}
    - target: {fileID: 4000013099078372, guid: 81777fc0886bcb3418871dab46c58462, type: 3}
      propertyPath: m_LocalEulerAnglesHint.x
      value: 0
      objectReference: {fileID: 0}
    - target: {fileID: 4000013099078372, guid: 81777fc0886bcb3418871dab46c58462, type: 3}
      propertyPath: m_LocalEulerAnglesHint.y
      value: 0
      objectReference: {fileID: 0}
    - target: {fileID: 4000013099078372, guid: 81777fc0886bcb3418871dab46c58462, type: 3}
      propertyPath: m_LocalEulerAnglesHint.z
      value: 0
      objectReference: {fileID: 0}
    m_RemovedComponents: []
  m_SourcePrefab: {fileID: 100100000, guid: 81777fc0886bcb3418871dab46c58462, type: 3}
--- !u!4 &3591272152646858060 stripped
Transform:
  m_CorrespondingSourceObject: {fileID: 4000013099078372, guid: 81777fc0886bcb3418871dab46c58462,
    type: 3}
  m_PrefabInstance: {fileID: 3591892296319805352}
  m_PrefabAsset: {fileID: 0}
--- !u!1001 &7698463659557033915
PrefabInstance:
  m_ObjectHideFlags: 0
  serializedVersion: 2
  m_Modification:
    m_TransformParent: {fileID: 7698463660036756400}
    m_Modifications:
    - target: {fileID: 1000013571059214, guid: 79b496967591f8244b45eda1d75bd519, type: 3}
      propertyPath: m_Name
      value: Banana (2)
      objectReference: {fileID: 0}
    - target: {fileID: 4000011058139782, guid: 79b496967591f8244b45eda1d75bd519, type: 3}
      propertyPath: m_LocalPosition.x
      value: 6.187405
      objectReference: {fileID: 0}
    - target: {fileID: 4000011058139782, guid: 79b496967591f8244b45eda1d75bd519, type: 3}
      propertyPath: m_LocalPosition.y
      value: 0.9776269
      objectReference: {fileID: 0}
    - target: {fileID: 4000011058139782, guid: 79b496967591f8244b45eda1d75bd519, type: 3}
      propertyPath: m_LocalPosition.z
      value: 1.4154562
      objectReference: {fileID: 0}
    - target: {fileID: 4000011058139782, guid: 79b496967591f8244b45eda1d75bd519, type: 3}
      propertyPath: m_LocalRotation.x
      value: -0
      objectReference: {fileID: 0}
    - target: {fileID: 4000011058139782, guid: 79b496967591f8244b45eda1d75bd519, type: 3}
      propertyPath: m_LocalRotation.y
      value: -0
      objectReference: {fileID: 0}
    - target: {fileID: 4000011058139782, guid: 79b496967591f8244b45eda1d75bd519, type: 3}
      propertyPath: m_LocalRotation.z
      value: -0
      objectReference: {fileID: 0}
    - target: {fileID: 4000011058139782, guid: 79b496967591f8244b45eda1d75bd519, type: 3}
      propertyPath: m_LocalRotation.w
      value: 1
      objectReference: {fileID: 0}
    - target: {fileID: 4000011058139782, guid: 79b496967591f8244b45eda1d75bd519, type: 3}
      propertyPath: m_RootOrder
      value: 6
      objectReference: {fileID: 0}
    - target: {fileID: 4000011058139782, guid: 79b496967591f8244b45eda1d75bd519, type: 3}
      propertyPath: m_LocalEulerAnglesHint.x
      value: 0
      objectReference: {fileID: 0}
    - target: {fileID: 4000011058139782, guid: 79b496967591f8244b45eda1d75bd519, type: 3}
      propertyPath: m_LocalEulerAnglesHint.y
      value: 0
      objectReference: {fileID: 0}
    - target: {fileID: 4000011058139782, guid: 79b496967591f8244b45eda1d75bd519, type: 3}
      propertyPath: m_LocalEulerAnglesHint.z
      value: 0
      objectReference: {fileID: 0}
    m_RemovedComponents: []
  m_SourcePrefab: {fileID: 100100000, guid: 79b496967591f8244b45eda1d75bd519, type: 3}
--- !u!4 &7699002605574374717 stripped
Transform:
  m_CorrespondingSourceObject: {fileID: 4000011058139782, guid: 79b496967591f8244b45eda1d75bd519,
    type: 3}
  m_PrefabInstance: {fileID: 7698463659557033915}
  m_PrefabAsset: {fileID: 0}
--- !u!1001 &7698463659571645679
PrefabInstance:
  m_ObjectHideFlags: 0
  serializedVersion: 2
  m_Modification:
    m_TransformParent: {fileID: 7698463661386689881}
    m_Modifications:
    - target: {fileID: 1000013571059214, guid: 79b496967591f8244b45eda1d75bd519, type: 3}
      propertyPath: m_Name
      value: Banana (9)
      objectReference: {fileID: 0}
    - target: {fileID: 4000011058139782, guid: 79b496967591f8244b45eda1d75bd519, type: 3}
      propertyPath: m_LocalPosition.x
      value: 6.187405
      objectReference: {fileID: 0}
    - target: {fileID: 4000011058139782, guid: 79b496967591f8244b45eda1d75bd519, type: 3}
      propertyPath: m_LocalPosition.y
      value: 2.9776268
      objectReference: {fileID: 0}
    - target: {fileID: 4000011058139782, guid: 79b496967591f8244b45eda1d75bd519, type: 3}
      propertyPath: m_LocalPosition.z
      value: 5.9154563
      objectReference: {fileID: 0}
    - target: {fileID: 4000011058139782, guid: 79b496967591f8244b45eda1d75bd519, type: 3}
      propertyPath: m_LocalRotation.x
      value: -0
      objectReference: {fileID: 0}
    - target: {fileID: 4000011058139782, guid: 79b496967591f8244b45eda1d75bd519, type: 3}
      propertyPath: m_LocalRotation.y
      value: -0
      objectReference: {fileID: 0}
    - target: {fileID: 4000011058139782, guid: 79b496967591f8244b45eda1d75bd519, type: 3}
      propertyPath: m_LocalRotation.z
      value: -0
      objectReference: {fileID: 0}
    - target: {fileID: 4000011058139782, guid: 79b496967591f8244b45eda1d75bd519, type: 3}
      propertyPath: m_LocalRotation.w
      value: 1
      objectReference: {fileID: 0}
    - target: {fileID: 4000011058139782, guid: 79b496967591f8244b45eda1d75bd519, type: 3}
      propertyPath: m_RootOrder
      value: 0
      objectReference: {fileID: 0}
    - target: {fileID: 4000011058139782, guid: 79b496967591f8244b45eda1d75bd519, type: 3}
      propertyPath: m_LocalEulerAnglesHint.x
      value: 0
      objectReference: {fileID: 0}
    - target: {fileID: 4000011058139782, guid: 79b496967591f8244b45eda1d75bd519, type: 3}
      propertyPath: m_LocalEulerAnglesHint.y
      value: 0
      objectReference: {fileID: 0}
    - target: {fileID: 4000011058139782, guid: 79b496967591f8244b45eda1d75bd519, type: 3}
      propertyPath: m_LocalEulerAnglesHint.z
      value: 0
      objectReference: {fileID: 0}
    m_RemovedComponents: []
  m_SourcePrefab: {fileID: 100100000, guid: 79b496967591f8244b45eda1d75bd519, type: 3}
--- !u!4 &7699002605593321065 stripped
Transform:
  m_CorrespondingSourceObject: {fileID: 4000011058139782, guid: 79b496967591f8244b45eda1d75bd519,
    type: 3}
  m_PrefabInstance: {fileID: 7698463659571645679}
  m_PrefabAsset: {fileID: 0}
--- !u!1001 &7698463659693761964
PrefabInstance:
  m_ObjectHideFlags: 0
  serializedVersion: 2
  m_Modification:
    m_TransformParent: {fileID: 7698463661386689881}
    m_Modifications:
    - target: {fileID: 1000013571059214, guid: 79b496967591f8244b45eda1d75bd519, type: 3}
      propertyPath: m_Name
      value: Banana
      objectReference: {fileID: 0}
    - target: {fileID: 4000011058139782, guid: 79b496967591f8244b45eda1d75bd519, type: 3}
      propertyPath: m_LocalPosition.x
      value: 6.187405
      objectReference: {fileID: 0}
    - target: {fileID: 4000011058139782, guid: 79b496967591f8244b45eda1d75bd519, type: 3}
      propertyPath: m_LocalPosition.y
      value: 0.9776269
      objectReference: {fileID: 0}
    - target: {fileID: 4000011058139782, guid: 79b496967591f8244b45eda1d75bd519, type: 3}
      propertyPath: m_LocalPosition.z
      value: 4.4154563
      objectReference: {fileID: 0}
    - target: {fileID: 4000011058139782, guid: 79b496967591f8244b45eda1d75bd519, type: 3}
      propertyPath: m_LocalRotation.x
      value: -0
      objectReference: {fileID: 0}
    - target: {fileID: 4000011058139782, guid: 79b496967591f8244b45eda1d75bd519, type: 3}
      propertyPath: m_LocalRotation.y
      value: -0
      objectReference: {fileID: 0}
    - target: {fileID: 4000011058139782, guid: 79b496967591f8244b45eda1d75bd519, type: 3}
      propertyPath: m_LocalRotation.z
      value: -0
      objectReference: {fileID: 0}
    - target: {fileID: 4000011058139782, guid: 79b496967591f8244b45eda1d75bd519, type: 3}
      propertyPath: m_LocalRotation.w
      value: 1
      objectReference: {fileID: 0}
    - target: {fileID: 4000011058139782, guid: 79b496967591f8244b45eda1d75bd519, type: 3}
      propertyPath: m_RootOrder
      value: 9
      objectReference: {fileID: 0}
    - target: {fileID: 4000011058139782, guid: 79b496967591f8244b45eda1d75bd519, type: 3}
      propertyPath: m_LocalEulerAnglesHint.x
      value: 0
      objectReference: {fileID: 0}
    - target: {fileID: 4000011058139782, guid: 79b496967591f8244b45eda1d75bd519, type: 3}
      propertyPath: m_LocalEulerAnglesHint.y
      value: 0
      objectReference: {fileID: 0}
    - target: {fileID: 4000011058139782, guid: 79b496967591f8244b45eda1d75bd519, type: 3}
      propertyPath: m_LocalEulerAnglesHint.z
      value: 0
      objectReference: {fileID: 0}
    m_RemovedComponents: []
  m_SourcePrefab: {fileID: 100100000, guid: 79b496967591f8244b45eda1d75bd519, type: 3}
--- !u!4 &7699002605715535658 stripped
Transform:
  m_CorrespondingSourceObject: {fileID: 4000011058139782, guid: 79b496967591f8244b45eda1d75bd519,
    type: 3}
  m_PrefabInstance: {fileID: 7698463659693761964}
  m_PrefabAsset: {fileID: 0}
--- !u!1001 &7698463659710840758
PrefabInstance:
  m_ObjectHideFlags: 0
  serializedVersion: 2
  m_Modification:
    m_TransformParent: {fileID: 7698463660036756400}
    m_Modifications:
    - target: {fileID: 1000013571059214, guid: 79b496967591f8244b45eda1d75bd519, type: 3}
      propertyPath: m_Name
      value: Banana (1)
      objectReference: {fileID: 0}
    - target: {fileID: 4000011058139782, guid: 79b496967591f8244b45eda1d75bd519, type: 3}
      propertyPath: m_LocalPosition.x
      value: 6.187405
      objectReference: {fileID: 0}
    - target: {fileID: 4000011058139782, guid: 79b496967591f8244b45eda1d75bd519, type: 3}
      propertyPath: m_LocalPosition.y
      value: 0.9776269
      objectReference: {fileID: 0}
    - target: {fileID: 4000011058139782, guid: 79b496967591f8244b45eda1d75bd519, type: 3}
      propertyPath: m_LocalPosition.z
      value: 0.9154562
      objectReference: {fileID: 0}
    - target: {fileID: 4000011058139782, guid: 79b496967591f8244b45eda1d75bd519, type: 3}
      propertyPath: m_LocalRotation.x
      value: -0
      objectReference: {fileID: 0}
    - target: {fileID: 4000011058139782, guid: 79b496967591f8244b45eda1d75bd519, type: 3}
      propertyPath: m_LocalRotation.y
      value: -0
      objectReference: {fileID: 0}
    - target: {fileID: 4000011058139782, guid: 79b496967591f8244b45eda1d75bd519, type: 3}
      propertyPath: m_LocalRotation.z
      value: -0
      objectReference: {fileID: 0}
    - target: {fileID: 4000011058139782, guid: 79b496967591f8244b45eda1d75bd519, type: 3}
      propertyPath: m_LocalRotation.w
      value: 1
      objectReference: {fileID: 0}
    - target: {fileID: 4000011058139782, guid: 79b496967591f8244b45eda1d75bd519, type: 3}
      propertyPath: m_RootOrder
      value: 7
      objectReference: {fileID: 0}
    - target: {fileID: 4000011058139782, guid: 79b496967591f8244b45eda1d75bd519, type: 3}
      propertyPath: m_LocalEulerAnglesHint.x
      value: 0
      objectReference: {fileID: 0}
    - target: {fileID: 4000011058139782, guid: 79b496967591f8244b45eda1d75bd519, type: 3}
      propertyPath: m_LocalEulerAnglesHint.y
      value: 0
      objectReference: {fileID: 0}
    - target: {fileID: 4000011058139782, guid: 79b496967591f8244b45eda1d75bd519, type: 3}
      propertyPath: m_LocalEulerAnglesHint.z
      value: 0
      objectReference: {fileID: 0}
    m_RemovedComponents: []
  m_SourcePrefab: {fileID: 100100000, guid: 79b496967591f8244b45eda1d75bd519, type: 3}
--- !u!4 &7699002605730966832 stripped
Transform:
  m_CorrespondingSourceObject: {fileID: 4000011058139782, guid: 79b496967591f8244b45eda1d75bd519,
    type: 3}
  m_PrefabInstance: {fileID: 7698463659710840758}
  m_PrefabAsset: {fileID: 0}
--- !u!1001 &7698463659935150243
PrefabInstance:
  m_ObjectHideFlags: 0
  serializedVersion: 2
  m_Modification:
    m_TransformParent: {fileID: 7698463661386689881}
    m_Modifications:
    - target: {fileID: 1000013571059214, guid: 79b496967591f8244b45eda1d75bd519, type: 3}
      propertyPath: m_Name
      value: Banana (6)
      objectReference: {fileID: 0}
    - target: {fileID: 4000011058139782, guid: 79b496967591f8244b45eda1d75bd519, type: 3}
      propertyPath: m_LocalPosition.x
      value: 6.187405
      objectReference: {fileID: 0}
    - target: {fileID: 4000011058139782, guid: 79b496967591f8244b45eda1d75bd519, type: 3}
      propertyPath: m_LocalPosition.y
      value: 2.9776268
      objectReference: {fileID: 0}
    - target: {fileID: 4000011058139782, guid: 79b496967591f8244b45eda1d75bd519, type: 3}
      propertyPath: m_LocalPosition.z
      value: 5.4154563
      objectReference: {fileID: 0}
    - target: {fileID: 4000011058139782, guid: 79b496967591f8244b45eda1d75bd519, type: 3}
      propertyPath: m_LocalRotation.x
      value: -0
      objectReference: {fileID: 0}
    - target: {fileID: 4000011058139782, guid: 79b496967591f8244b45eda1d75bd519, type: 3}
      propertyPath: m_LocalRotation.y
      value: -0
      objectReference: {fileID: 0}
    - target: {fileID: 4000011058139782, guid: 79b496967591f8244b45eda1d75bd519, type: 3}
      propertyPath: m_LocalRotation.z
      value: -0
      objectReference: {fileID: 0}
    - target: {fileID: 4000011058139782, guid: 79b496967591f8244b45eda1d75bd519, type: 3}
      propertyPath: m_LocalRotation.w
      value: 1
      objectReference: {fileID: 0}
    - target: {fileID: 4000011058139782, guid: 79b496967591f8244b45eda1d75bd519, type: 3}
      propertyPath: m_RootOrder
      value: 3
      objectReference: {fileID: 0}
    - target: {fileID: 4000011058139782, guid: 79b496967591f8244b45eda1d75bd519, type: 3}
      propertyPath: m_LocalEulerAnglesHint.x
      value: 0
      objectReference: {fileID: 0}
    - target: {fileID: 4000011058139782, guid: 79b496967591f8244b45eda1d75bd519, type: 3}
      propertyPath: m_LocalEulerAnglesHint.y
      value: 0
      objectReference: {fileID: 0}
    - target: {fileID: 4000011058139782, guid: 79b496967591f8244b45eda1d75bd519, type: 3}
      propertyPath: m_LocalEulerAnglesHint.z
      value: 0
      objectReference: {fileID: 0}
    m_RemovedComponents: []
  m_SourcePrefab: {fileID: 100100000, guid: 79b496967591f8244b45eda1d75bd519, type: 3}
--- !u!4 &7699002605749920293 stripped
Transform:
  m_CorrespondingSourceObject: {fileID: 4000011058139782, guid: 79b496967591f8244b45eda1d75bd519,
    type: 3}
  m_PrefabInstance: {fileID: 7698463659935150243}
  m_PrefabAsset: {fileID: 0}
--- !u!1001 &7698463659935456118
PrefabInstance:
  m_ObjectHideFlags: 0
  serializedVersion: 2
  m_Modification:
    m_TransformParent: {fileID: 7698463661386689881}
    m_Modifications:
    - target: {fileID: 1000013571059214, guid: 79b496967591f8244b45eda1d75bd519, type: 3}
      propertyPath: m_Name
      value: Banana (1)
      objectReference: {fileID: 0}
    - target: {fileID: 4000011058139782, guid: 79b496967591f8244b45eda1d75bd519, type: 3}
      propertyPath: m_LocalPosition.x
      value: 6.187405
      objectReference: {fileID: 0}
    - target: {fileID: 4000011058139782, guid: 79b496967591f8244b45eda1d75bd519, type: 3}
      propertyPath: m_LocalPosition.y
      value: 0.9776269
      objectReference: {fileID: 0}
    - target: {fileID: 4000011058139782, guid: 79b496967591f8244b45eda1d75bd519, type: 3}
      propertyPath: m_LocalPosition.z
      value: 4.9154563
      objectReference: {fileID: 0}
    - target: {fileID: 4000011058139782, guid: 79b496967591f8244b45eda1d75bd519, type: 3}
      propertyPath: m_LocalRotation.x
      value: -0
      objectReference: {fileID: 0}
    - target: {fileID: 4000011058139782, guid: 79b496967591f8244b45eda1d75bd519, type: 3}
      propertyPath: m_LocalRotation.y
      value: -0
      objectReference: {fileID: 0}
    - target: {fileID: 4000011058139782, guid: 79b496967591f8244b45eda1d75bd519, type: 3}
      propertyPath: m_LocalRotation.z
      value: -0
      objectReference: {fileID: 0}
    - target: {fileID: 4000011058139782, guid: 79b496967591f8244b45eda1d75bd519, type: 3}
      propertyPath: m_LocalRotation.w
      value: 1
      objectReference: {fileID: 0}
    - target: {fileID: 4000011058139782, guid: 79b496967591f8244b45eda1d75bd519, type: 3}
      propertyPath: m_RootOrder
      value: 8
      objectReference: {fileID: 0}
    - target: {fileID: 4000011058139782, guid: 79b496967591f8244b45eda1d75bd519, type: 3}
      propertyPath: m_LocalEulerAnglesHint.x
      value: 0
      objectReference: {fileID: 0}
    - target: {fileID: 4000011058139782, guid: 79b496967591f8244b45eda1d75bd519, type: 3}
      propertyPath: m_LocalEulerAnglesHint.y
      value: 0
      objectReference: {fileID: 0}
    - target: {fileID: 4000011058139782, guid: 79b496967591f8244b45eda1d75bd519, type: 3}
      propertyPath: m_LocalEulerAnglesHint.z
      value: 0
      objectReference: {fileID: 0}
    m_RemovedComponents: []
  m_SourcePrefab: {fileID: 100100000, guid: 79b496967591f8244b45eda1d75bd519, type: 3}
--- !u!4 &7699002605749602800 stripped
Transform:
  m_CorrespondingSourceObject: {fileID: 4000011058139782, guid: 79b496967591f8244b45eda1d75bd519,
    type: 3}
  m_PrefabInstance: {fileID: 7698463659935456118}
  m_PrefabAsset: {fileID: 0}
--- !u!1001 &7698463660029400630
PrefabInstance:
  m_ObjectHideFlags: 0
  serializedVersion: 2
  m_Modification:
    m_TransformParent: {fileID: 7698463661386689881}
    m_Modifications:
    - target: {fileID: 1000013571059214, guid: 79b496967591f8244b45eda1d75bd519, type: 3}
      propertyPath: m_Name
      value: Banana (8)
      objectReference: {fileID: 0}
    - target: {fileID: 4000011058139782, guid: 79b496967591f8244b45eda1d75bd519, type: 3}
      propertyPath: m_LocalPosition.x
      value: 6.187405
      objectReference: {fileID: 0}
    - target: {fileID: 4000011058139782, guid: 79b496967591f8244b45eda1d75bd519, type: 3}
      propertyPath: m_LocalPosition.y
      value: 2.9776268
      objectReference: {fileID: 0}
    - target: {fileID: 4000011058139782, guid: 79b496967591f8244b45eda1d75bd519, type: 3}
      propertyPath: m_LocalPosition.z
      value: 4.9154563
      objectReference: {fileID: 0}
    - target: {fileID: 4000011058139782, guid: 79b496967591f8244b45eda1d75bd519, type: 3}
      propertyPath: m_LocalRotation.x
      value: -0
      objectReference: {fileID: 0}
    - target: {fileID: 4000011058139782, guid: 79b496967591f8244b45eda1d75bd519, type: 3}
      propertyPath: m_LocalRotation.y
      value: -0
      objectReference: {fileID: 0}
    - target: {fileID: 4000011058139782, guid: 79b496967591f8244b45eda1d75bd519, type: 3}
      propertyPath: m_LocalRotation.z
      value: -0
      objectReference: {fileID: 0}
    - target: {fileID: 4000011058139782, guid: 79b496967591f8244b45eda1d75bd519, type: 3}
      propertyPath: m_LocalRotation.w
      value: 1
      objectReference: {fileID: 0}
    - target: {fileID: 4000011058139782, guid: 79b496967591f8244b45eda1d75bd519, type: 3}
      propertyPath: m_RootOrder
      value: 1
      objectReference: {fileID: 0}
    - target: {fileID: 4000011058139782, guid: 79b496967591f8244b45eda1d75bd519, type: 3}
      propertyPath: m_LocalEulerAnglesHint.x
      value: 0
      objectReference: {fileID: 0}
    - target: {fileID: 4000011058139782, guid: 79b496967591f8244b45eda1d75bd519, type: 3}
      propertyPath: m_LocalEulerAnglesHint.y
      value: 0
      objectReference: {fileID: 0}
    - target: {fileID: 4000011058139782, guid: 79b496967591f8244b45eda1d75bd519, type: 3}
      propertyPath: m_LocalEulerAnglesHint.z
      value: 0
      objectReference: {fileID: 0}
    m_RemovedComponents: []
  m_SourcePrefab: {fileID: 100100000, guid: 79b496967591f8244b45eda1d75bd519, type: 3}
--- !u!4 &7699002605916751024 stripped
Transform:
  m_CorrespondingSourceObject: {fileID: 4000011058139782, guid: 79b496967591f8244b45eda1d75bd519,
    type: 3}
  m_PrefabInstance: {fileID: 7698463660029400630}
  m_PrefabAsset: {fileID: 0}
--- !u!1001 &7698463660207751060
PrefabInstance:
  m_ObjectHideFlags: 0
  serializedVersion: 2
  m_Modification:
    m_TransformParent: {fileID: 7698463661386689881}
    m_Modifications:
    - target: {fileID: 1000013571059214, guid: 79b496967591f8244b45eda1d75bd519, type: 3}
      propertyPath: m_Name
      value: Banana (3)
      objectReference: {fileID: 0}
    - target: {fileID: 4000011058139782, guid: 79b496967591f8244b45eda1d75bd519, type: 3}
      propertyPath: m_LocalPosition.x
      value: 6.187405
      objectReference: {fileID: 0}
    - target: {fileID: 4000011058139782, guid: 79b496967591f8244b45eda1d75bd519, type: 3}
      propertyPath: m_LocalPosition.y
      value: 1.4776269
      objectReference: {fileID: 0}
    - target: {fileID: 4000011058139782, guid: 79b496967591f8244b45eda1d75bd519, type: 3}
      propertyPath: m_LocalPosition.z
      value: 5.4154563
      objectReference: {fileID: 0}
    - target: {fileID: 4000011058139782, guid: 79b496967591f8244b45eda1d75bd519, type: 3}
      propertyPath: m_LocalRotation.x
      value: -0
      objectReference: {fileID: 0}
    - target: {fileID: 4000011058139782, guid: 79b496967591f8244b45eda1d75bd519, type: 3}
      propertyPath: m_LocalRotation.y
      value: -0
      objectReference: {fileID: 0}
    - target: {fileID: 4000011058139782, guid: 79b496967591f8244b45eda1d75bd519, type: 3}
      propertyPath: m_LocalRotation.z
      value: -0
      objectReference: {fileID: 0}
    - target: {fileID: 4000011058139782, guid: 79b496967591f8244b45eda1d75bd519, type: 3}
      propertyPath: m_LocalRotation.w
      value: 1
      objectReference: {fileID: 0}
    - target: {fileID: 4000011058139782, guid: 79b496967591f8244b45eda1d75bd519, type: 3}
      propertyPath: m_RootOrder
      value: 6
      objectReference: {fileID: 0}
    - target: {fileID: 4000011058139782, guid: 79b496967591f8244b45eda1d75bd519, type: 3}
      propertyPath: m_LocalEulerAnglesHint.x
      value: 0
      objectReference: {fileID: 0}
    - target: {fileID: 4000011058139782, guid: 79b496967591f8244b45eda1d75bd519, type: 3}
      propertyPath: m_LocalEulerAnglesHint.y
      value: 0
      objectReference: {fileID: 0}
    - target: {fileID: 4000011058139782, guid: 79b496967591f8244b45eda1d75bd519, type: 3}
      propertyPath: m_LocalEulerAnglesHint.z
      value: 0
      objectReference: {fileID: 0}
    m_RemovedComponents: []
  m_SourcePrefab: {fileID: 100100000, guid: 79b496967591f8244b45eda1d75bd519, type: 3}
--- !u!4 &7699002604949892370 stripped
Transform:
  m_CorrespondingSourceObject: {fileID: 4000011058139782, guid: 79b496967591f8244b45eda1d75bd519,
    type: 3}
  m_PrefabInstance: {fileID: 7698463660207751060}
  m_PrefabAsset: {fileID: 0}
--- !u!1001 &7698463660373617535
PrefabInstance:
  m_ObjectHideFlags: 0
  serializedVersion: 2
  m_Modification:
    m_TransformParent: {fileID: 7698463660036756400}
    m_Modifications:
    - target: {fileID: 1000013571059214, guid: 79b496967591f8244b45eda1d75bd519, type: 3}
      propertyPath: m_Name
      value: Banana (7)
      objectReference: {fileID: 0}
    - target: {fileID: 4000011058139782, guid: 79b496967591f8244b45eda1d75bd519, type: 3}
      propertyPath: m_LocalPosition.x
      value: 6.187405
      objectReference: {fileID: 0}
    - target: {fileID: 4000011058139782, guid: 79b496967591f8244b45eda1d75bd519, type: 3}
      propertyPath: m_LocalPosition.y
      value: 2.9776268
      objectReference: {fileID: 0}
    - target: {fileID: 4000011058139782, guid: 79b496967591f8244b45eda1d75bd519, type: 3}
      propertyPath: m_LocalPosition.z
      value: 0.9154562
      objectReference: {fileID: 0}
    - target: {fileID: 4000011058139782, guid: 79b496967591f8244b45eda1d75bd519, type: 3}
      propertyPath: m_LocalRotation.x
      value: -0
      objectReference: {fileID: 0}
    - target: {fileID: 4000011058139782, guid: 79b496967591f8244b45eda1d75bd519, type: 3}
      propertyPath: m_LocalRotation.y
      value: -0
      objectReference: {fileID: 0}
    - target: {fileID: 4000011058139782, guid: 79b496967591f8244b45eda1d75bd519, type: 3}
      propertyPath: m_LocalRotation.z
      value: -0
      objectReference: {fileID: 0}
    - target: {fileID: 4000011058139782, guid: 79b496967591f8244b45eda1d75bd519, type: 3}
      propertyPath: m_LocalRotation.w
      value: 1
      objectReference: {fileID: 0}
    - target: {fileID: 4000011058139782, guid: 79b496967591f8244b45eda1d75bd519, type: 3}
      propertyPath: m_RootOrder
      value: 1
      objectReference: {fileID: 0}
    - target: {fileID: 4000011058139782, guid: 79b496967591f8244b45eda1d75bd519, type: 3}
      propertyPath: m_LocalEulerAnglesHint.x
      value: 0
      objectReference: {fileID: 0}
    - target: {fileID: 4000011058139782, guid: 79b496967591f8244b45eda1d75bd519, type: 3}
      propertyPath: m_LocalEulerAnglesHint.y
      value: 0
      objectReference: {fileID: 0}
    - target: {fileID: 4000011058139782, guid: 79b496967591f8244b45eda1d75bd519, type: 3}
      propertyPath: m_LocalEulerAnglesHint.z
      value: 0
      objectReference: {fileID: 0}
    m_RemovedComponents: []
  m_SourcePrefab: {fileID: 100100000, guid: 79b496967591f8244b45eda1d75bd519, type: 3}
--- !u!4 &7699002605319846393 stripped
Transform:
  m_CorrespondingSourceObject: {fileID: 4000011058139782, guid: 79b496967591f8244b45eda1d75bd519,
    type: 3}
  m_PrefabInstance: {fileID: 7698463660373617535}
  m_PrefabAsset: {fileID: 0}
--- !u!1001 &7698463660405832675
PrefabInstance:
  m_ObjectHideFlags: 0
  serializedVersion: 2
  m_Modification:
    m_TransformParent: {fileID: 7698463661386689881}
    m_Modifications:
    - target: {fileID: 189076668701958031, guid: 4457f4ab27821cd4893ae60531c3f7df,
        type: 3}
      propertyPath: m_Name
      value: MARGNET
      objectReference: {fileID: 0}
    - target: {fileID: 3802416746764021148, guid: 4457f4ab27821cd4893ae60531c3f7df,
        type: 3}
      propertyPath: m_LocalPosition.x
      value: 6.33
      objectReference: {fileID: 0}
    - target: {fileID: 3802416746764021148, guid: 4457f4ab27821cd4893ae60531c3f7df,
        type: 3}
      propertyPath: m_LocalPosition.y
      value: 1.95
      objectReference: {fileID: 0}
    - target: {fileID: 3802416746764021148, guid: 4457f4ab27821cd4893ae60531c3f7df,
        type: 3}
      propertyPath: m_LocalPosition.z
      value: 2.8100004
      objectReference: {fileID: 0}
    - target: {fileID: 3802416746764021148, guid: 4457f4ab27821cd4893ae60531c3f7df,
        type: 3}
      propertyPath: m_LocalRotation.x
      value: -0
      objectReference: {fileID: 0}
    - target: {fileID: 3802416746764021148, guid: 4457f4ab27821cd4893ae60531c3f7df,
        type: 3}
      propertyPath: m_LocalRotation.y
      value: -0
      objectReference: {fileID: 0}
    - target: {fileID: 3802416746764021148, guid: 4457f4ab27821cd4893ae60531c3f7df,
        type: 3}
      propertyPath: m_LocalRotation.z
      value: -0
      objectReference: {fileID: 0}
    - target: {fileID: 3802416746764021148, guid: 4457f4ab27821cd4893ae60531c3f7df,
        type: 3}
      propertyPath: m_LocalRotation.w
      value: 1
      objectReference: {fileID: 0}
    - target: {fileID: 3802416746764021148, guid: 4457f4ab27821cd4893ae60531c3f7df,
        type: 3}
      propertyPath: m_RootOrder
      value: 10
      objectReference: {fileID: 0}
    - target: {fileID: 3802416746764021148, guid: 4457f4ab27821cd4893ae60531c3f7df,
        type: 3}
      propertyPath: m_LocalEulerAnglesHint.x
      value: 0
      objectReference: {fileID: 0}
    - target: {fileID: 3802416746764021148, guid: 4457f4ab27821cd4893ae60531c3f7df,
        type: 3}
      propertyPath: m_LocalEulerAnglesHint.y
      value: 0
      objectReference: {fileID: 0}
    - target: {fileID: 3802416746764021148, guid: 4457f4ab27821cd4893ae60531c3f7df,
        type: 3}
      propertyPath: m_LocalEulerAnglesHint.z
      value: 0
      objectReference: {fileID: 0}
    - target: {fileID: 3802416746764021148, guid: 4457f4ab27821cd4893ae60531c3f7df,
        type: 3}
      propertyPath: m_LocalScale.x
      value: 0.3
      objectReference: {fileID: 0}
    - target: {fileID: 3802416746764021148, guid: 4457f4ab27821cd4893ae60531c3f7df,
        type: 3}
      propertyPath: m_LocalScale.y
      value: 0.3
      objectReference: {fileID: 0}
    - target: {fileID: 3802416746764021148, guid: 4457f4ab27821cd4893ae60531c3f7df,
        type: 3}
      propertyPath: m_LocalScale.z
      value: 0.3
      objectReference: {fileID: 0}
    m_RemovedComponents: []
  m_SourcePrefab: {fileID: 100100000, guid: 4457f4ab27821cd4893ae60531c3f7df, type: 3}
--- !u!4 &6778632171753281151 stripped
Transform:
  m_CorrespondingSourceObject: {fileID: 3802416746764021148, guid: 4457f4ab27821cd4893ae60531c3f7df,
    type: 3}
  m_PrefabInstance: {fileID: 7698463660405832675}
  m_PrefabAsset: {fileID: 0}
--- !u!1001 &7698463660609710729
PrefabInstance:
  m_ObjectHideFlags: 0
  serializedVersion: 2
  m_Modification:
    m_TransformParent: {fileID: 7698463660036756400}
    m_Modifications:
    - target: {fileID: 1000013571059214, guid: 79b496967591f8244b45eda1d75bd519, type: 3}
      propertyPath: m_Name
      value: Banana (3)
      objectReference: {fileID: 0}
    - target: {fileID: 4000011058139782, guid: 79b496967591f8244b45eda1d75bd519, type: 3}
      propertyPath: m_LocalPosition.x
      value: 6.187405
      objectReference: {fileID: 0}
    - target: {fileID: 4000011058139782, guid: 79b496967591f8244b45eda1d75bd519, type: 3}
      propertyPath: m_LocalPosition.y
      value: 1.4776269
      objectReference: {fileID: 0}
    - target: {fileID: 4000011058139782, guid: 79b496967591f8244b45eda1d75bd519, type: 3}
      propertyPath: m_LocalPosition.z
      value: -0.084543854
      objectReference: {fileID: 0}
    - target: {fileID: 4000011058139782, guid: 79b496967591f8244b45eda1d75bd519, type: 3}
      propertyPath: m_LocalRotation.x
      value: -0
      objectReference: {fileID: 0}
    - target: {fileID: 4000011058139782, guid: 79b496967591f8244b45eda1d75bd519, type: 3}
      propertyPath: m_LocalRotation.y
      value: -0
      objectReference: {fileID: 0}
    - target: {fileID: 4000011058139782, guid: 79b496967591f8244b45eda1d75bd519, type: 3}
      propertyPath: m_LocalRotation.z
      value: -0
      objectReference: {fileID: 0}
    - target: {fileID: 4000011058139782, guid: 79b496967591f8244b45eda1d75bd519, type: 3}
      propertyPath: m_LocalRotation.w
      value: 1
      objectReference: {fileID: 0}
    - target: {fileID: 4000011058139782, guid: 79b496967591f8244b45eda1d75bd519, type: 3}
      propertyPath: m_RootOrder
      value: 5
      objectReference: {fileID: 0}
    - target: {fileID: 4000011058139782, guid: 79b496967591f8244b45eda1d75bd519, type: 3}
      propertyPath: m_LocalEulerAnglesHint.x
      value: 0
      objectReference: {fileID: 0}
    - target: {fileID: 4000011058139782, guid: 79b496967591f8244b45eda1d75bd519, type: 3}
      propertyPath: m_LocalEulerAnglesHint.y
      value: 0
      objectReference: {fileID: 0}
    - target: {fileID: 4000011058139782, guid: 79b496967591f8244b45eda1d75bd519, type: 3}
      propertyPath: m_LocalEulerAnglesHint.z
      value: 0
      objectReference: {fileID: 0}
    m_RemovedComponents: []
  m_SourcePrefab: {fileID: 100100000, guid: 79b496967591f8244b45eda1d75bd519, type: 3}
--- !u!4 &7699002605352187919 stripped
Transform:
  m_CorrespondingSourceObject: {fileID: 4000011058139782, guid: 79b496967591f8244b45eda1d75bd519,
    type: 3}
  m_PrefabInstance: {fileID: 7698463660609710729}
  m_PrefabAsset: {fileID: 0}
--- !u!1001 &7698463660712441635
PrefabInstance:
  m_ObjectHideFlags: 0
  serializedVersion: 2
  m_Modification:
    m_TransformParent: {fileID: 7698463660036756400}
    m_Modifications:
    - target: {fileID: 1000013571059214, guid: 79b496967591f8244b45eda1d75bd519, type: 3}
      propertyPath: m_Name
      value: Banana (4)
      objectReference: {fileID: 0}
    - target: {fileID: 4000011058139782, guid: 79b496967591f8244b45eda1d75bd519, type: 3}
      propertyPath: m_LocalPosition.x
      value: 6.187405
      objectReference: {fileID: 0}
    - target: {fileID: 4000011058139782, guid: 79b496967591f8244b45eda1d75bd519, type: 3}
      propertyPath: m_LocalPosition.y
      value: 1.9776269
      objectReference: {fileID: 0}
    - target: {fileID: 4000011058139782, guid: 79b496967591f8244b45eda1d75bd519, type: 3}
      propertyPath: m_LocalPosition.z
      value: -0.084543854
      objectReference: {fileID: 0}
    - target: {fileID: 4000011058139782, guid: 79b496967591f8244b45eda1d75bd519, type: 3}
      propertyPath: m_LocalRotation.x
      value: -0
      objectReference: {fileID: 0}
    - target: {fileID: 4000011058139782, guid: 79b496967591f8244b45eda1d75bd519, type: 3}
      propertyPath: m_LocalRotation.y
      value: -0
      objectReference: {fileID: 0}
    - target: {fileID: 4000011058139782, guid: 79b496967591f8244b45eda1d75bd519, type: 3}
      propertyPath: m_LocalRotation.z
      value: -0
      objectReference: {fileID: 0}
    - target: {fileID: 4000011058139782, guid: 79b496967591f8244b45eda1d75bd519, type: 3}
      propertyPath: m_LocalRotation.w
      value: 1
      objectReference: {fileID: 0}
    - target: {fileID: 4000011058139782, guid: 79b496967591f8244b45eda1d75bd519, type: 3}
      propertyPath: m_RootOrder
      value: 4
      objectReference: {fileID: 0}
    - target: {fileID: 4000011058139782, guid: 79b496967591f8244b45eda1d75bd519, type: 3}
      propertyPath: m_LocalEulerAnglesHint.x
      value: 0
      objectReference: {fileID: 0}
    - target: {fileID: 4000011058139782, guid: 79b496967591f8244b45eda1d75bd519, type: 3}
      propertyPath: m_LocalEulerAnglesHint.y
      value: 0
      objectReference: {fileID: 0}
    - target: {fileID: 4000011058139782, guid: 79b496967591f8244b45eda1d75bd519, type: 3}
      propertyPath: m_LocalEulerAnglesHint.z
      value: 0
      objectReference: {fileID: 0}
    m_RemovedComponents: []
  m_SourcePrefab: {fileID: 100100000, guid: 79b496967591f8244b45eda1d75bd519, type: 3}
--- !u!4 &7699002606600021413 stripped
Transform:
  m_CorrespondingSourceObject: {fileID: 4000011058139782, guid: 79b496967591f8244b45eda1d75bd519,
    type: 3}
  m_PrefabInstance: {fileID: 7698463660712441635}
  m_PrefabAsset: {fileID: 0}
--- !u!1001 &7698463660914626801
PrefabInstance:
  m_ObjectHideFlags: 0
  serializedVersion: 2
  m_Modification:
    m_TransformParent: {fileID: 7698463661386689881}
    m_Modifications:
    - target: {fileID: 1000013571059214, guid: 79b496967591f8244b45eda1d75bd519, type: 3}
      propertyPath: m_Name
      value: Banana (4)
      objectReference: {fileID: 0}
    - target: {fileID: 4000011058139782, guid: 79b496967591f8244b45eda1d75bd519, type: 3}
      propertyPath: m_LocalPosition.x
      value: 6.187405
      objectReference: {fileID: 0}
    - target: {fileID: 4000011058139782, guid: 79b496967591f8244b45eda1d75bd519, type: 3}
      propertyPath: m_LocalPosition.y
      value: 1.9776269
      objectReference: {fileID: 0}
    - target: {fileID: 4000011058139782, guid: 79b496967591f8244b45eda1d75bd519, type: 3}
      propertyPath: m_LocalPosition.z
      value: 5.4154563
      objectReference: {fileID: 0}
    - target: {fileID: 4000011058139782, guid: 79b496967591f8244b45eda1d75bd519, type: 3}
      propertyPath: m_LocalRotation.x
      value: -0
      objectReference: {fileID: 0}
    - target: {fileID: 4000011058139782, guid: 79b496967591f8244b45eda1d75bd519, type: 3}
      propertyPath: m_LocalRotation.y
      value: -0
      objectReference: {fileID: 0}
    - target: {fileID: 4000011058139782, guid: 79b496967591f8244b45eda1d75bd519, type: 3}
      propertyPath: m_LocalRotation.z
      value: -0
      objectReference: {fileID: 0}
    - target: {fileID: 4000011058139782, guid: 79b496967591f8244b45eda1d75bd519, type: 3}
      propertyPath: m_LocalRotation.w
      value: 1
      objectReference: {fileID: 0}
    - target: {fileID: 4000011058139782, guid: 79b496967591f8244b45eda1d75bd519, type: 3}
      propertyPath: m_RootOrder
      value: 5
      objectReference: {fileID: 0}
    - target: {fileID: 4000011058139782, guid: 79b496967591f8244b45eda1d75bd519, type: 3}
      propertyPath: m_LocalEulerAnglesHint.x
      value: 0
      objectReference: {fileID: 0}
    - target: {fileID: 4000011058139782, guid: 79b496967591f8244b45eda1d75bd519, type: 3}
      propertyPath: m_LocalEulerAnglesHint.y
      value: 0
      objectReference: {fileID: 0}
    - target: {fileID: 4000011058139782, guid: 79b496967591f8244b45eda1d75bd519, type: 3}
      propertyPath: m_LocalEulerAnglesHint.z
      value: 0
      objectReference: {fileID: 0}
    m_RemovedComponents: []
  m_SourcePrefab: {fileID: 100100000, guid: 79b496967591f8244b45eda1d75bd519, type: 3}
--- !u!4 &7699002606934688375 stripped
Transform:
  m_CorrespondingSourceObject: {fileID: 4000011058139782, guid: 79b496967591f8244b45eda1d75bd519,
    type: 3}
  m_PrefabInstance: {fileID: 7698463660914626801}
  m_PrefabAsset: {fileID: 0}
--- !u!1001 &7698463661018620518
PrefabInstance:
  m_ObjectHideFlags: 0
  serializedVersion: 2
  m_Modification:
    m_TransformParent: {fileID: 7698463660036756400}
    m_Modifications:
    - target: {fileID: 1000013571059214, guid: 79b496967591f8244b45eda1d75bd519, type: 3}
      propertyPath: m_Name
      value: Banana (8)
      objectReference: {fileID: 0}
    - target: {fileID: 4000011058139782, guid: 79b496967591f8244b45eda1d75bd519, type: 3}
      propertyPath: m_LocalPosition.x
      value: 6.187405
      objectReference: {fileID: 0}
    - target: {fileID: 4000011058139782, guid: 79b496967591f8244b45eda1d75bd519, type: 3}
      propertyPath: m_LocalPosition.y
      value: 2.9776268
      objectReference: {fileID: 0}
    - target: {fileID: 4000011058139782, guid: 79b496967591f8244b45eda1d75bd519, type: 3}
      propertyPath: m_LocalPosition.z
      value: 1.4154562
      objectReference: {fileID: 0}
    - target: {fileID: 4000011058139782, guid: 79b496967591f8244b45eda1d75bd519, type: 3}
      propertyPath: m_LocalRotation.x
      value: -0
      objectReference: {fileID: 0}
    - target: {fileID: 4000011058139782, guid: 79b496967591f8244b45eda1d75bd519, type: 3}
      propertyPath: m_LocalRotation.y
      value: -0
      objectReference: {fileID: 0}
    - target: {fileID: 4000011058139782, guid: 79b496967591f8244b45eda1d75bd519, type: 3}
      propertyPath: m_LocalRotation.z
      value: -0
      objectReference: {fileID: 0}
    - target: {fileID: 4000011058139782, guid: 79b496967591f8244b45eda1d75bd519, type: 3}
      propertyPath: m_LocalRotation.w
      value: 1
      objectReference: {fileID: 0}
    - target: {fileID: 4000011058139782, guid: 79b496967591f8244b45eda1d75bd519, type: 3}
      propertyPath: m_RootOrder
      value: 0
      objectReference: {fileID: 0}
    - target: {fileID: 4000011058139782, guid: 79b496967591f8244b45eda1d75bd519, type: 3}
      propertyPath: m_LocalEulerAnglesHint.x
      value: 0
      objectReference: {fileID: 0}
    - target: {fileID: 4000011058139782, guid: 79b496967591f8244b45eda1d75bd519, type: 3}
      propertyPath: m_LocalEulerAnglesHint.y
      value: 0
      objectReference: {fileID: 0}
    - target: {fileID: 4000011058139782, guid: 79b496967591f8244b45eda1d75bd519, type: 3}
      propertyPath: m_LocalEulerAnglesHint.z
      value: 0
      objectReference: {fileID: 0}
    m_RemovedComponents: []
  m_SourcePrefab: {fileID: 100100000, guid: 79b496967591f8244b45eda1d75bd519, type: 3}
--- !u!4 &7699002606839099616 stripped
Transform:
  m_CorrespondingSourceObject: {fileID: 4000011058139782, guid: 79b496967591f8244b45eda1d75bd519,
    type: 3}
  m_PrefabInstance: {fileID: 7698463661018620518}
  m_PrefabAsset: {fileID: 0}
--- !u!1001 &7698463661093156976
PrefabInstance:
  m_ObjectHideFlags: 0
  serializedVersion: 2
  m_Modification:
    m_TransformParent: {fileID: 7698463660036756400}
    m_Modifications:
    - target: {fileID: 1000013571059214, guid: 79b496967591f8244b45eda1d75bd519, type: 3}
      propertyPath: m_Name
      value: Banana (5)
      objectReference: {fileID: 0}
    - target: {fileID: 4000011058139782, guid: 79b496967591f8244b45eda1d75bd519, type: 3}
      propertyPath: m_LocalPosition.x
      value: 6.187405
      objectReference: {fileID: 0}
    - target: {fileID: 4000011058139782, guid: 79b496967591f8244b45eda1d75bd519, type: 3}
      propertyPath: m_LocalPosition.y
      value: 2.4776268
      objectReference: {fileID: 0}
    - target: {fileID: 4000011058139782, guid: 79b496967591f8244b45eda1d75bd519, type: 3}
      propertyPath: m_LocalPosition.z
      value: -0.084543854
      objectReference: {fileID: 0}
    - target: {fileID: 4000011058139782, guid: 79b496967591f8244b45eda1d75bd519, type: 3}
      propertyPath: m_LocalRotation.x
      value: -0
      objectReference: {fileID: 0}
    - target: {fileID: 4000011058139782, guid: 79b496967591f8244b45eda1d75bd519, type: 3}
      propertyPath: m_LocalRotation.y
      value: -0
      objectReference: {fileID: 0}
    - target: {fileID: 4000011058139782, guid: 79b496967591f8244b45eda1d75bd519, type: 3}
      propertyPath: m_LocalRotation.z
      value: -0
      objectReference: {fileID: 0}
    - target: {fileID: 4000011058139782, guid: 79b496967591f8244b45eda1d75bd519, type: 3}
      propertyPath: m_LocalRotation.w
      value: 1
      objectReference: {fileID: 0}
    - target: {fileID: 4000011058139782, guid: 79b496967591f8244b45eda1d75bd519, type: 3}
      propertyPath: m_RootOrder
      value: 3
      objectReference: {fileID: 0}
    - target: {fileID: 4000011058139782, guid: 79b496967591f8244b45eda1d75bd519, type: 3}
      propertyPath: m_LocalEulerAnglesHint.x
      value: 0
      objectReference: {fileID: 0}
    - target: {fileID: 4000011058139782, guid: 79b496967591f8244b45eda1d75bd519, type: 3}
      propertyPath: m_LocalEulerAnglesHint.y
      value: 0
      objectReference: {fileID: 0}
    - target: {fileID: 4000011058139782, guid: 79b496967591f8244b45eda1d75bd519, type: 3}
      propertyPath: m_LocalEulerAnglesHint.z
      value: 0
      objectReference: {fileID: 0}
    m_RemovedComponents: []
  m_SourcePrefab: {fileID: 100100000, guid: 79b496967591f8244b45eda1d75bd519, type: 3}
--- !u!4 &7699002607041391350 stripped
Transform:
  m_CorrespondingSourceObject: {fileID: 4000011058139782, guid: 79b496967591f8244b45eda1d75bd519,
    type: 3}
  m_PrefabInstance: {fileID: 7698463661093156976}
  m_PrefabAsset: {fileID: 0}
--- !u!1001 &7698463661213575811
PrefabInstance:
  m_ObjectHideFlags: 0
  serializedVersion: 2
  m_Modification:
    m_TransformParent: {fileID: 7698463661386689881}
    m_Modifications:
    - target: {fileID: 1000013571059214, guid: 79b496967591f8244b45eda1d75bd519, type: 3}
      propertyPath: m_Name
      value: Banana (7)
      objectReference: {fileID: 0}
    - target: {fileID: 4000011058139782, guid: 79b496967591f8244b45eda1d75bd519, type: 3}
      propertyPath: m_LocalPosition.x
      value: 6.187405
      objectReference: {fileID: 0}
    - target: {fileID: 4000011058139782, guid: 79b496967591f8244b45eda1d75bd519, type: 3}
      propertyPath: m_LocalPosition.y
      value: 2.9776268
      objectReference: {fileID: 0}
    - target: {fileID: 4000011058139782, guid: 79b496967591f8244b45eda1d75bd519, type: 3}
      propertyPath: m_LocalPosition.z
      value: 4.4154563
      objectReference: {fileID: 0}
    - target: {fileID: 4000011058139782, guid: 79b496967591f8244b45eda1d75bd519, type: 3}
      propertyPath: m_LocalRotation.x
      value: -0
      objectReference: {fileID: 0}
    - target: {fileID: 4000011058139782, guid: 79b496967591f8244b45eda1d75bd519, type: 3}
      propertyPath: m_LocalRotation.y
      value: -0
      objectReference: {fileID: 0}
    - target: {fileID: 4000011058139782, guid: 79b496967591f8244b45eda1d75bd519, type: 3}
      propertyPath: m_LocalRotation.z
      value: -0
      objectReference: {fileID: 0}
    - target: {fileID: 4000011058139782, guid: 79b496967591f8244b45eda1d75bd519, type: 3}
      propertyPath: m_LocalRotation.w
      value: 1
      objectReference: {fileID: 0}
    - target: {fileID: 4000011058139782, guid: 79b496967591f8244b45eda1d75bd519, type: 3}
      propertyPath: m_RootOrder
      value: 2
      objectReference: {fileID: 0}
    - target: {fileID: 4000011058139782, guid: 79b496967591f8244b45eda1d75bd519, type: 3}
      propertyPath: m_LocalEulerAnglesHint.x
      value: 0
      objectReference: {fileID: 0}
    - target: {fileID: 4000011058139782, guid: 79b496967591f8244b45eda1d75bd519, type: 3}
      propertyPath: m_LocalEulerAnglesHint.y
      value: 0
      objectReference: {fileID: 0}
    - target: {fileID: 4000011058139782, guid: 79b496967591f8244b45eda1d75bd519, type: 3}
      propertyPath: m_LocalEulerAnglesHint.z
      value: 0
      objectReference: {fileID: 0}
    m_RemovedComponents: []
  m_SourcePrefab: {fileID: 100100000, guid: 79b496967591f8244b45eda1d75bd519, type: 3}
--- !u!4 &7699002606090500101 stripped
Transform:
  m_CorrespondingSourceObject: {fileID: 4000011058139782, guid: 79b496967591f8244b45eda1d75bd519,
    type: 3}
  m_PrefabInstance: {fileID: 7698463661213575811}
  m_PrefabAsset: {fileID: 0}
--- !u!1001 &7698463661317080595
PrefabInstance:
  m_ObjectHideFlags: 0
  serializedVersion: 2
  m_Modification:
    m_TransformParent: {fileID: 7698463660036756400}
    m_Modifications:
    - target: {fileID: 1000013571059214, guid: 79b496967591f8244b45eda1d75bd519, type: 3}
      propertyPath: m_Name
      value: Banana
      objectReference: {fileID: 0}
    - target: {fileID: 4000011058139782, guid: 79b496967591f8244b45eda1d75bd519, type: 3}
      propertyPath: m_LocalPosition.x
      value: 6.187405
      objectReference: {fileID: 0}
    - target: {fileID: 4000011058139782, guid: 79b496967591f8244b45eda1d75bd519, type: 3}
      propertyPath: m_LocalPosition.y
      value: 0.9776269
      objectReference: {fileID: 0}
    - target: {fileID: 4000011058139782, guid: 79b496967591f8244b45eda1d75bd519, type: 3}
      propertyPath: m_LocalPosition.z
      value: 0.41545615
      objectReference: {fileID: 0}
    - target: {fileID: 4000011058139782, guid: 79b496967591f8244b45eda1d75bd519, type: 3}
      propertyPath: m_LocalRotation.x
      value: -0
      objectReference: {fileID: 0}
    - target: {fileID: 4000011058139782, guid: 79b496967591f8244b45eda1d75bd519, type: 3}
      propertyPath: m_LocalRotation.y
      value: -0
      objectReference: {fileID: 0}
    - target: {fileID: 4000011058139782, guid: 79b496967591f8244b45eda1d75bd519, type: 3}
      propertyPath: m_LocalRotation.z
      value: -0
      objectReference: {fileID: 0}
    - target: {fileID: 4000011058139782, guid: 79b496967591f8244b45eda1d75bd519, type: 3}
      propertyPath: m_LocalRotation.w
      value: 1
      objectReference: {fileID: 0}
    - target: {fileID: 4000011058139782, guid: 79b496967591f8244b45eda1d75bd519, type: 3}
      propertyPath: m_RootOrder
      value: 8
      objectReference: {fileID: 0}
    - target: {fileID: 4000011058139782, guid: 79b496967591f8244b45eda1d75bd519, type: 3}
      propertyPath: m_LocalEulerAnglesHint.x
      value: 0
      objectReference: {fileID: 0}
    - target: {fileID: 4000011058139782, guid: 79b496967591f8244b45eda1d75bd519, type: 3}
      propertyPath: m_LocalEulerAnglesHint.y
      value: 0
      objectReference: {fileID: 0}
    - target: {fileID: 4000011058139782, guid: 79b496967591f8244b45eda1d75bd519, type: 3}
      propertyPath: m_LocalEulerAnglesHint.z
      value: 0
      objectReference: {fileID: 0}
    m_RemovedComponents: []
  m_SourcePrefab: {fileID: 100100000, guid: 79b496967591f8244b45eda1d75bd519, type: 3}
--- !u!4 &7699002606264849557 stripped
Transform:
  m_CorrespondingSourceObject: {fileID: 4000011058139782, guid: 79b496967591f8244b45eda1d75bd519,
    type: 3}
  m_PrefabInstance: {fileID: 7698463661317080595}
  m_PrefabAsset: {fileID: 0}
--- !u!1001 &7698463661422336690
PrefabInstance:
  m_ObjectHideFlags: 0
  serializedVersion: 2
  m_Modification:
    m_TransformParent: {fileID: 7698463661386689881}
    m_Modifications:
    - target: {fileID: 1000013571059214, guid: 79b496967591f8244b45eda1d75bd519, type: 3}
      propertyPath: m_Name
      value: Banana (2)
      objectReference: {fileID: 0}
    - target: {fileID: 4000011058139782, guid: 79b496967591f8244b45eda1d75bd519, type: 3}
      propertyPath: m_LocalPosition.x
      value: 6.187405
      objectReference: {fileID: 0}
    - target: {fileID: 4000011058139782, guid: 79b496967591f8244b45eda1d75bd519, type: 3}
      propertyPath: m_LocalPosition.y
      value: 1.4776269
      objectReference: {fileID: 0}
    - target: {fileID: 4000011058139782, guid: 79b496967591f8244b45eda1d75bd519, type: 3}
      propertyPath: m_LocalPosition.z
      value: 3.915456
      objectReference: {fileID: 0}
    - target: {fileID: 4000011058139782, guid: 79b496967591f8244b45eda1d75bd519, type: 3}
      propertyPath: m_LocalRotation.x
      value: -0
      objectReference: {fileID: 0}
    - target: {fileID: 4000011058139782, guid: 79b496967591f8244b45eda1d75bd519, type: 3}
      propertyPath: m_LocalRotation.y
      value: -0
      objectReference: {fileID: 0}
    - target: {fileID: 4000011058139782, guid: 79b496967591f8244b45eda1d75bd519, type: 3}
      propertyPath: m_LocalRotation.z
      value: -0
      objectReference: {fileID: 0}
    - target: {fileID: 4000011058139782, guid: 79b496967591f8244b45eda1d75bd519, type: 3}
      propertyPath: m_LocalRotation.w
      value: 1
      objectReference: {fileID: 0}
    - target: {fileID: 4000011058139782, guid: 79b496967591f8244b45eda1d75bd519, type: 3}
      propertyPath: m_RootOrder
      value: 7
      objectReference: {fileID: 0}
    - target: {fileID: 4000011058139782, guid: 79b496967591f8244b45eda1d75bd519, type: 3}
      propertyPath: m_LocalEulerAnglesHint.x
      value: 0
      objectReference: {fileID: 0}
    - target: {fileID: 4000011058139782, guid: 79b496967591f8244b45eda1d75bd519, type: 3}
      propertyPath: m_LocalEulerAnglesHint.y
      value: 0
      objectReference: {fileID: 0}
    - target: {fileID: 4000011058139782, guid: 79b496967591f8244b45eda1d75bd519, type: 3}
      propertyPath: m_LocalEulerAnglesHint.z
      value: 0
      objectReference: {fileID: 0}
    m_RemovedComponents: []
  m_SourcePrefab: {fileID: 100100000, guid: 79b496967591f8244b45eda1d75bd519, type: 3}
--- !u!4 &7699002606166935604 stripped
Transform:
  m_CorrespondingSourceObject: {fileID: 4000011058139782, guid: 79b496967591f8244b45eda1d75bd519,
    type: 3}
  m_PrefabInstance: {fileID: 7698463661422336690}
  m_PrefabAsset: {fileID: 0}
--- !u!1001 &7698463661542169477
PrefabInstance:
  m_ObjectHideFlags: 0
  serializedVersion: 2
  m_Modification:
    m_TransformParent: {fileID: 7698463661386689881}
    m_Modifications:
    - target: {fileID: 1000013571059214, guid: 79b496967591f8244b45eda1d75bd519, type: 3}
      propertyPath: m_Name
      value: Banana (5)
      objectReference: {fileID: 0}
    - target: {fileID: 4000011058139782, guid: 79b496967591f8244b45eda1d75bd519, type: 3}
      propertyPath: m_LocalPosition.x
      value: 6.187405
      objectReference: {fileID: 0}
    - target: {fileID: 4000011058139782, guid: 79b496967591f8244b45eda1d75bd519, type: 3}
      propertyPath: m_LocalPosition.y
      value: 2.4776268
      objectReference: {fileID: 0}
    - target: {fileID: 4000011058139782, guid: 79b496967591f8244b45eda1d75bd519, type: 3}
      propertyPath: m_LocalPosition.z
      value: 5.4154563
      objectReference: {fileID: 0}
    - target: {fileID: 4000011058139782, guid: 79b496967591f8244b45eda1d75bd519, type: 3}
      propertyPath: m_LocalRotation.x
      value: -0
      objectReference: {fileID: 0}
    - target: {fileID: 4000011058139782, guid: 79b496967591f8244b45eda1d75bd519, type: 3}
      propertyPath: m_LocalRotation.y
      value: -0
      objectReference: {fileID: 0}
    - target: {fileID: 4000011058139782, guid: 79b496967591f8244b45eda1d75bd519, type: 3}
      propertyPath: m_LocalRotation.z
      value: -0
      objectReference: {fileID: 0}
    - target: {fileID: 4000011058139782, guid: 79b496967591f8244b45eda1d75bd519, type: 3}
      propertyPath: m_LocalRotation.w
      value: 1
      objectReference: {fileID: 0}
    - target: {fileID: 4000011058139782, guid: 79b496967591f8244b45eda1d75bd519, type: 3}
      propertyPath: m_RootOrder
      value: 4
      objectReference: {fileID: 0}
    - target: {fileID: 4000011058139782, guid: 79b496967591f8244b45eda1d75bd519, type: 3}
      propertyPath: m_LocalEulerAnglesHint.x
      value: 0
      objectReference: {fileID: 0}
    - target: {fileID: 4000011058139782, guid: 79b496967591f8244b45eda1d75bd519, type: 3}
      propertyPath: m_LocalEulerAnglesHint.y
      value: 0
      objectReference: {fileID: 0}
    - target: {fileID: 4000011058139782, guid: 79b496967591f8244b45eda1d75bd519, type: 3}
      propertyPath: m_LocalEulerAnglesHint.z
      value: 0
      objectReference: {fileID: 0}
    m_RemovedComponents: []
  m_SourcePrefab: {fileID: 100100000, guid: 79b496967591f8244b45eda1d75bd519, type: 3}
--- !u!4 &7699002606283032835 stripped
Transform:
  m_CorrespondingSourceObject: {fileID: 4000011058139782, guid: 79b496967591f8244b45eda1d75bd519,
    type: 3}
  m_PrefabInstance: {fileID: 7698463661542169477}
  m_PrefabAsset: {fileID: 0}
--- !u!1001 &7698463661682030642
PrefabInstance:
  m_ObjectHideFlags: 0
  serializedVersion: 2
  m_Modification:
    m_TransformParent: {fileID: 7698463660036756400}
    m_Modifications:
    - target: {fileID: 1000013571059214, guid: 79b496967591f8244b45eda1d75bd519, type: 3}
      propertyPath: m_Name
      value: Banana (6)
      objectReference: {fileID: 0}
    - target: {fileID: 4000011058139782, guid: 79b496967591f8244b45eda1d75bd519, type: 3}
      propertyPath: m_LocalPosition.x
      value: 6.187405
      objectReference: {fileID: 0}
    - target: {fileID: 4000011058139782, guid: 79b496967591f8244b45eda1d75bd519, type: 3}
      propertyPath: m_LocalPosition.y
      value: 2.9776268
      objectReference: {fileID: 0}
    - target: {fileID: 4000011058139782, guid: 79b496967591f8244b45eda1d75bd519, type: 3}
      propertyPath: m_LocalPosition.z
      value: 0.41545615
      objectReference: {fileID: 0}
    - target: {fileID: 4000011058139782, guid: 79b496967591f8244b45eda1d75bd519, type: 3}
      propertyPath: m_LocalRotation.x
      value: -0
      objectReference: {fileID: 0}
    - target: {fileID: 4000011058139782, guid: 79b496967591f8244b45eda1d75bd519, type: 3}
      propertyPath: m_LocalRotation.y
      value: -0
      objectReference: {fileID: 0}
    - target: {fileID: 4000011058139782, guid: 79b496967591f8244b45eda1d75bd519, type: 3}
      propertyPath: m_LocalRotation.z
      value: -0
      objectReference: {fileID: 0}
    - target: {fileID: 4000011058139782, guid: 79b496967591f8244b45eda1d75bd519, type: 3}
      propertyPath: m_LocalRotation.w
      value: 1
      objectReference: {fileID: 0}
    - target: {fileID: 4000011058139782, guid: 79b496967591f8244b45eda1d75bd519, type: 3}
      propertyPath: m_RootOrder
      value: 2
      objectReference: {fileID: 0}
    - target: {fileID: 4000011058139782, guid: 79b496967591f8244b45eda1d75bd519, type: 3}
      propertyPath: m_LocalEulerAnglesHint.x
      value: 0
      objectReference: {fileID: 0}
    - target: {fileID: 4000011058139782, guid: 79b496967591f8244b45eda1d75bd519, type: 3}
      propertyPath: m_LocalEulerAnglesHint.y
      value: 0
      objectReference: {fileID: 0}
    - target: {fileID: 4000011058139782, guid: 79b496967591f8244b45eda1d75bd519, type: 3}
      propertyPath: m_LocalEulerAnglesHint.z
      value: 0
      objectReference: {fileID: 0}
    m_RemovedComponents: []
  m_SourcePrefab: {fileID: 100100000, guid: 79b496967591f8244b45eda1d75bd519, type: 3}
--- !u!4 &7699002606428400308 stripped
Transform:
  m_CorrespondingSourceObject: {fileID: 4000011058139782, guid: 79b496967591f8244b45eda1d75bd519,
    type: 3}
  m_PrefabInstance: {fileID: 7698463661682030642}
  m_PrefabAsset: {fileID: 0}
--- !u!1001 &8529452093881504409
PrefabInstance:
  m_ObjectHideFlags: 0
  serializedVersion: 2
  m_Modification:
    m_TransformParent: {fileID: 7698463660531360411}
    m_Modifications:
    - target: {fileID: 1042598324542122, guid: be267edc7fa1b284ca7ab194ee3d831e, type: 3}
      propertyPath: m_Name
      value: SNature_Stick
      objectReference: {fileID: 0}
    - target: {fileID: 4954254999647384, guid: be267edc7fa1b284ca7ab194ee3d831e, type: 3}
      propertyPath: m_LocalPosition.x
      value: 0
      objectReference: {fileID: 0}
    - target: {fileID: 4954254999647384, guid: be267edc7fa1b284ca7ab194ee3d831e, type: 3}
      propertyPath: m_LocalPosition.y
      value: 4.5
      objectReference: {fileID: 0}
    - target: {fileID: 4954254999647384, guid: be267edc7fa1b284ca7ab194ee3d831e, type: 3}
      propertyPath: m_LocalPosition.z
      value: 9.58
      objectReference: {fileID: 0}
    - target: {fileID: 4954254999647384, guid: be267edc7fa1b284ca7ab194ee3d831e, type: 3}
      propertyPath: m_LocalRotation.x
      value: -0
      objectReference: {fileID: 0}
    - target: {fileID: 4954254999647384, guid: be267edc7fa1b284ca7ab194ee3d831e, type: 3}
      propertyPath: m_LocalRotation.y
      value: -0
      objectReference: {fileID: 0}
    - target: {fileID: 4954254999647384, guid: be267edc7fa1b284ca7ab194ee3d831e, type: 3}
      propertyPath: m_LocalRotation.z
      value: -1
      objectReference: {fileID: 0}
    - target: {fileID: 4954254999647384, guid: be267edc7fa1b284ca7ab194ee3d831e, type: 3}
      propertyPath: m_LocalRotation.w
      value: 0
      objectReference: {fileID: 0}
    - target: {fileID: 4954254999647384, guid: be267edc7fa1b284ca7ab194ee3d831e, type: 3}
      propertyPath: m_RootOrder
      value: 1
      objectReference: {fileID: 0}
    - target: {fileID: 4954254999647384, guid: be267edc7fa1b284ca7ab194ee3d831e, type: 3}
      propertyPath: m_LocalEulerAnglesHint.x
      value: 180
      objectReference: {fileID: 0}
    - target: {fileID: 4954254999647384, guid: be267edc7fa1b284ca7ab194ee3d831e, type: 3}
      propertyPath: m_LocalEulerAnglesHint.y
      value: 180
      objectReference: {fileID: 0}
    - target: {fileID: 4954254999647384, guid: be267edc7fa1b284ca7ab194ee3d831e, type: 3}
      propertyPath: m_LocalEulerAnglesHint.z
      value: 0
      objectReference: {fileID: 0}
    m_RemovedComponents: []
  m_SourcePrefab: {fileID: 100100000, guid: be267edc7fa1b284ca7ab194ee3d831e, type: 3}
--- !u!1 &8528981248792840243 stripped
GameObject:
  m_CorrespondingSourceObject: {fileID: 1042598324542122, guid: be267edc7fa1b284ca7ab194ee3d831e,
    type: 3}
  m_PrefabInstance: {fileID: 8529452093881504409}
  m_PrefabAsset: {fileID: 0}
--- !u!4 &8525079500980332033 stripped
Transform:
  m_CorrespondingSourceObject: {fileID: 4954254999647384, guid: be267edc7fa1b284ca7ab194ee3d831e,
    type: 3}
  m_PrefabInstance: {fileID: 8529452093881504409}
  m_PrefabAsset: {fileID: 0}
