%YAML 1.1
%TAG !u! tag:unity3d.com,2011:
--- !u!1 &2038876993241080564
GameObject:
  m_ObjectHideFlags: 0
  m_CorrespondingSourceObject: {fileID: 0}
  m_PrefabInstance: {fileID: 0}
  m_PrefabAsset: {fileID: 0}
  serializedVersion: 6
  m_Component:
  - component: {fileID: 2038876993241080565}
  - component: {fileID: 286622878409435626}
  - component: {fileID: 5177268347552187396}
  m_Layer: 0
  m_Name: FenceAndAnything
  m_TagString: Untagged
  m_Icon: {fileID: 0}
  m_NavMeshLayer: 0
  m_StaticEditorFlags: 0
  m_IsActive: 1
--- !u!4 &2038876993241080565
Transform:
  m_ObjectHideFlags: 0
  m_CorrespondingSourceObject: {fileID: 0}
  m_PrefabInstance: {fileID: 0}
  m_PrefabAsset: {fileID: 0}
  m_GameObject: {fileID: 2038876993241080564}
  m_LocalRotation: {x: -0, y: -0, z: -0, w: 1}
  m_LocalPosition: {x: 0, y: 0, z: 5}
  m_LocalScale: {x: 1, y: 1, z: 1}
  m_Children:
  - {fileID: 2038876992672473211}
  - {fileID: 2038876992895252650}
  - {fileID: 2038876994609565916}
  - {fileID: 2038876994137722122}
  - {fileID: 2038876994493700302}
  - {fileID: 2038876992756454516}
  - {fileID: 2038876993437642592}
  m_Father: {fileID: 0}
  m_RootOrder: 0
  m_LocalEulerAnglesHint: {x: 0, y: 0, z: 0}
--- !u!114 &286622878409435626
MonoBehaviour:
  m_ObjectHideFlags: 0
  m_CorrespondingSourceObject: {fileID: 0}
  m_PrefabInstance: {fileID: 0}
  m_PrefabAsset: {fileID: 0}
  m_GameObject: {fileID: 2038876993241080564}
  m_Enabled: 1
  m_EditorHideFlags: 0
  m_Script: {fileID: 11500000, guid: 01b914a9011d3e24d987a7d2b22e1d99, type: 3}
  m_Name: 
  m_EditorClassIdentifier: 
--- !u!64 &5177268347552187396
MeshCollider:
  m_ObjectHideFlags: 0
  m_CorrespondingSourceObject: {fileID: 0}
  m_PrefabInstance: {fileID: 0}
  m_PrefabAsset: {fileID: 0}
  m_GameObject: {fileID: 2038876993241080564}
  m_Material: {fileID: 0}
  m_IsTrigger: 1
  m_Enabled: 1
  serializedVersion: 3
  m_Convex: 1
  m_CookingOptions: 14
  m_Mesh: {fileID: 0}
--- !u!1001 &2038876992672282249
PrefabInstance:
  m_ObjectHideFlags: 0
  serializedVersion: 2
  m_Modification:
    m_TransformParent: {fileID: 2038876993241080565}
    m_Modifications:
    - target: {fileID: 137496, guid: 8e29574f61c003a45a3cc9a571582336, type: 3}
      propertyPath: m_Name
      value: Reed (1)
      objectReference: {fileID: 0}
    - target: {fileID: 464626, guid: 8e29574f61c003a45a3cc9a571582336, type: 3}
      propertyPath: m_LocalPosition.x
      value: 0.243
      objectReference: {fileID: 0}
    - target: {fileID: 464626, guid: 8e29574f61c003a45a3cc9a571582336, type: 3}
      propertyPath: m_LocalPosition.y
      value: 0
      objectReference: {fileID: 0}
    - target: {fileID: 464626, guid: 8e29574f61c003a45a3cc9a571582336, type: 3}
      propertyPath: m_LocalPosition.z
      value: 3.8
      objectReference: {fileID: 0}
    - target: {fileID: 464626, guid: 8e29574f61c003a45a3cc9a571582336, type: 3}
      propertyPath: m_LocalRotation.x
      value: -0
      objectReference: {fileID: 0}
    - target: {fileID: 464626, guid: 8e29574f61c003a45a3cc9a571582336, type: 3}
      propertyPath: m_LocalRotation.y
      value: -0
      objectReference: {fileID: 0}
    - target: {fileID: 464626, guid: 8e29574f61c003a45a3cc9a571582336, type: 3}
      propertyPath: m_LocalRotation.z
      value: -0
      objectReference: {fileID: 0}
    - target: {fileID: 464626, guid: 8e29574f61c003a45a3cc9a571582336, type: 3}
      propertyPath: m_LocalRotation.w
      value: 1
      objectReference: {fileID: 0}
    - target: {fileID: 464626, guid: 8e29574f61c003a45a3cc9a571582336, type: 3}
      propertyPath: m_RootOrder
      value: 0
      objectReference: {fileID: 0}
    - target: {fileID: 464626, guid: 8e29574f61c003a45a3cc9a571582336, type: 3}
      propertyPath: m_LocalEulerAnglesHint.x
      value: 0
      objectReference: {fileID: 0}
    - target: {fileID: 464626, guid: 8e29574f61c003a45a3cc9a571582336, type: 3}
      propertyPath: m_LocalEulerAnglesHint.y
      value: 0
      objectReference: {fileID: 0}
    - target: {fileID: 464626, guid: 8e29574f61c003a45a3cc9a571582336, type: 3}
      propertyPath: m_LocalEulerAnglesHint.z
      value: 0
      objectReference: {fileID: 0}
    - target: {fileID: 464626, guid: 8e29574f61c003a45a3cc9a571582336, type: 3}
      propertyPath: m_LocalScale.x
      value: 0.3
      objectReference: {fileID: 0}
    - target: {fileID: 464626, guid: 8e29574f61c003a45a3cc9a571582336, type: 3}
      propertyPath: m_LocalScale.y
      value: 0.3
      objectReference: {fileID: 0}
    - target: {fileID: 464626, guid: 8e29574f61c003a45a3cc9a571582336, type: 3}
      propertyPath: m_LocalScale.z
      value: 0.3
      objectReference: {fileID: 0}
    m_RemovedComponents: []
  m_SourcePrefab: {fileID: 100100000, guid: 8e29574f61c003a45a3cc9a571582336, type: 3}
--- !u!4 &2038876992672473211 stripped
Transform:
  m_CorrespondingSourceObject: {fileID: 464626, guid: 8e29574f61c003a45a3cc9a571582336,
    type: 3}
  m_PrefabInstance: {fileID: 2038876992672282249}
  m_PrefabAsset: {fileID: 0}
--- !u!1001 &2038876992756099166
PrefabInstance:
  m_ObjectHideFlags: 0
  serializedVersion: 2
  m_Modification:
    m_TransformParent: {fileID: 2038876993241080565}
    m_Modifications:
    - target: {fileID: 111856, guid: ab5e0beb1c36778479983f28b65d97dd, type: 3}
      propertyPath: m_Name
      value: Fence Type2 03
      objectReference: {fileID: 0}
    - target: {fileID: 441386, guid: ab5e0beb1c36778479983f28b65d97dd, type: 3}
      propertyPath: m_LocalPosition.x
      value: 0.6
      objectReference: {fileID: 0}
    - target: {fileID: 441386, guid: ab5e0beb1c36778479983f28b65d97dd, type: 3}
      propertyPath: m_LocalPosition.y
      value: 0
      objectReference: {fileID: 0}
    - target: {fileID: 441386, guid: ab5e0beb1c36778479983f28b65d97dd, type: 3}
      propertyPath: m_LocalPosition.z
      value: 4
      objectReference: {fileID: 0}
    - target: {fileID: 441386, guid: ab5e0beb1c36778479983f28b65d97dd, type: 3}
      propertyPath: m_LocalRotation.x
      value: 0.0000000218557
      objectReference: {fileID: 0}
    - target: {fileID: 441386, guid: ab5e0beb1c36778479983f28b65d97dd, type: 3}
      propertyPath: m_LocalRotation.y
      value: -6.5402975e-11
      objectReference: {fileID: 0}
    - target: {fileID: 441386, guid: ab5e0beb1c36778479983f28b65d97dd, type: 3}
      propertyPath: m_LocalRotation.z
      value: -0.000000044359606
      objectReference: {fileID: 0}
    - target: {fileID: 441386, guid: ab5e0beb1c36778479983f28b65d97dd, type: 3}
      propertyPath: m_LocalRotation.w
      value: 1
      objectReference: {fileID: 0}
    - target: {fileID: 441386, guid: ab5e0beb1c36778479983f28b65d97dd, type: 3}
      propertyPath: m_RootOrder
      value: 5
      objectReference: {fileID: 0}
    - target: {fileID: 441386, guid: ab5e0beb1c36778479983f28b65d97dd, type: 3}
      propertyPath: m_LocalEulerAnglesHint.x
      value: 0
      objectReference: {fileID: 0}
    - target: {fileID: 441386, guid: ab5e0beb1c36778479983f28b65d97dd, type: 3}
      propertyPath: m_LocalEulerAnglesHint.y
      value: 0
      objectReference: {fileID: 0}
    - target: {fileID: 441386, guid: ab5e0beb1c36778479983f28b65d97dd, type: 3}
      propertyPath: m_LocalEulerAnglesHint.z
      value: 0
      objectReference: {fileID: 0}
    - target: {fileID: 441386, guid: ab5e0beb1c36778479983f28b65d97dd, type: 3}
      propertyPath: m_LocalScale.x
      value: 0.5
      objectReference: {fileID: 0}
    - target: {fileID: 441386, guid: ab5e0beb1c36778479983f28b65d97dd, type: 3}
      propertyPath: m_LocalScale.y
      value: 0.5
      objectReference: {fileID: 0}
    - target: {fileID: 441386, guid: ab5e0beb1c36778479983f28b65d97dd, type: 3}
      propertyPath: m_LocalScale.z
      value: 0.5
      objectReference: {fileID: 0}
    - target: {fileID: 6435202, guid: ab5e0beb1c36778479983f28b65d97dd, type: 3}
      propertyPath: m_Convex
      value: 1
      objectReference: {fileID: 0}
    - target: {fileID: 6435202, guid: ab5e0beb1c36778479983f28b65d97dd, type: 3}
      propertyPath: m_IsTrigger
      value: 1
      objectReference: {fileID: 0}
    m_RemovedComponents: []
  m_SourcePrefab: {fileID: 100100000, guid: ab5e0beb1c36778479983f28b65d97dd, type: 3}
--- !u!4 &2038876992756454516 stripped
Transform:
  m_CorrespondingSourceObject: {fileID: 441386, guid: ab5e0beb1c36778479983f28b65d97dd,
    type: 3}
  m_PrefabInstance: {fileID: 2038876992756099166}
  m_PrefabAsset: {fileID: 0}
--- !u!1001 &2038876992895184472
PrefabInstance:
  m_ObjectHideFlags: 0
  serializedVersion: 2
  m_Modification:
    m_TransformParent: {fileID: 2038876993241080565}
    m_Modifications:
    - target: {fileID: 137496, guid: 8e29574f61c003a45a3cc9a571582336, type: 3}
      propertyPath: m_Name
      value: Reed (2)
      objectReference: {fileID: 0}
    - target: {fileID: 464626, guid: 8e29574f61c003a45a3cc9a571582336, type: 3}
      propertyPath: m_LocalPosition.x
      value: -0.2
      objectReference: {fileID: 0}
    - target: {fileID: 464626, guid: 8e29574f61c003a45a3cc9a571582336, type: 3}
      propertyPath: m_LocalPosition.y
      value: 0
      objectReference: {fileID: 0}
    - target: {fileID: 464626, guid: 8e29574f61c003a45a3cc9a571582336, type: 3}
      propertyPath: m_LocalPosition.z
      value: 3.8
      objectReference: {fileID: 0}
    - target: {fileID: 464626, guid: 8e29574f61c003a45a3cc9a571582336, type: 3}
      propertyPath: m_LocalRotation.x
      value: -0
      objectReference: {fileID: 0}
    - target: {fileID: 464626, guid: 8e29574f61c003a45a3cc9a571582336, type: 3}
      propertyPath: m_LocalRotation.y
      value: -0
      objectReference: {fileID: 0}
    - target: {fileID: 464626, guid: 8e29574f61c003a45a3cc9a571582336, type: 3}
      propertyPath: m_LocalRotation.z
      value: -0
      objectReference: {fileID: 0}
    - target: {fileID: 464626, guid: 8e29574f61c003a45a3cc9a571582336, type: 3}
      propertyPath: m_LocalRotation.w
      value: 1
      objectReference: {fileID: 0}
    - target: {fileID: 464626, guid: 8e29574f61c003a45a3cc9a571582336, type: 3}
      propertyPath: m_RootOrder
      value: 1
      objectReference: {fileID: 0}
    - target: {fileID: 464626, guid: 8e29574f61c003a45a3cc9a571582336, type: 3}
      propertyPath: m_LocalEulerAnglesHint.x
      value: 0
      objectReference: {fileID: 0}
    - target: {fileID: 464626, guid: 8e29574f61c003a45a3cc9a571582336, type: 3}
      propertyPath: m_LocalEulerAnglesHint.y
      value: 0
      objectReference: {fileID: 0}
    - target: {fileID: 464626, guid: 8e29574f61c003a45a3cc9a571582336, type: 3}
      propertyPath: m_LocalEulerAnglesHint.z
      value: 0
      objectReference: {fileID: 0}
    - target: {fileID: 464626, guid: 8e29574f61c003a45a3cc9a571582336, type: 3}
      propertyPath: m_LocalScale.x
      value: 0.3
      objectReference: {fileID: 0}
    - target: {fileID: 464626, guid: 8e29574f61c003a45a3cc9a571582336, type: 3}
      propertyPath: m_LocalScale.y
      value: 0.3
      objectReference: {fileID: 0}
    - target: {fileID: 464626, guid: 8e29574f61c003a45a3cc9a571582336, type: 3}
      propertyPath: m_LocalScale.z
      value: 0.3
      objectReference: {fileID: 0}
    m_RemovedComponents: []
  m_SourcePrefab: {fileID: 100100000, guid: 8e29574f61c003a45a3cc9a571582336, type: 3}
--- !u!4 &2038876992895252650 stripped
Transform:
  m_CorrespondingSourceObject: {fileID: 464626, guid: 8e29574f61c003a45a3cc9a571582336,
    type: 3}
  m_PrefabInstance: {fileID: 2038876992895184472}
  m_PrefabAsset: {fileID: 0}
--- !u!1001 &2038876993437972882
PrefabInstance:
  m_ObjectHideFlags: 0
  serializedVersion: 2
  m_Modification:
    m_TransformParent: {fileID: 2038876993241080565}
    m_Modifications:
    - target: {fileID: 137496, guid: 8e29574f61c003a45a3cc9a571582336, type: 3}
      propertyPath: m_Name
      value: Reed
      objectReference: {fileID: 0}
    - target: {fileID: 464626, guid: 8e29574f61c003a45a3cc9a571582336, type: 3}
      propertyPath: m_LocalPosition.x
      value: 0.517
      objectReference: {fileID: 0}
    - target: {fileID: 464626, guid: 8e29574f61c003a45a3cc9a571582336, type: 3}
      propertyPath: m_LocalPosition.y
      value: 0
      objectReference: {fileID: 0}
    - target: {fileID: 464626, guid: 8e29574f61c003a45a3cc9a571582336, type: 3}
      propertyPath: m_LocalPosition.z
      value: 3.8
      objectReference: {fileID: 0}
    - target: {fileID: 464626, guid: 8e29574f61c003a45a3cc9a571582336, type: 3}
      propertyPath: m_LocalRotation.x
      value: -0
      objectReference: {fileID: 0}
    - target: {fileID: 464626, guid: 8e29574f61c003a45a3cc9a571582336, type: 3}
      propertyPath: m_LocalRotation.y
      value: -0
      objectReference: {fileID: 0}
    - target: {fileID: 464626, guid: 8e29574f61c003a45a3cc9a571582336, type: 3}
      propertyPath: m_LocalRotation.z
      value: -0
      objectReference: {fileID: 0}
    - target: {fileID: 464626, guid: 8e29574f61c003a45a3cc9a571582336, type: 3}
      propertyPath: m_LocalRotation.w
      value: 1
      objectReference: {fileID: 0}
    - target: {fileID: 464626, guid: 8e29574f61c003a45a3cc9a571582336, type: 3}
      propertyPath: m_RootOrder
      value: 6
      objectReference: {fileID: 0}
    - target: {fileID: 464626, guid: 8e29574f61c003a45a3cc9a571582336, type: 3}
      propertyPath: m_LocalEulerAnglesHint.x
      value: 0
      objectReference: {fileID: 0}
    - target: {fileID: 464626, guid: 8e29574f61c003a45a3cc9a571582336, type: 3}
      propertyPath: m_LocalEulerAnglesHint.y
      value: 0
      objectReference: {fileID: 0}
    - target: {fileID: 464626, guid: 8e29574f61c003a45a3cc9a571582336, type: 3}
      propertyPath: m_LocalEulerAnglesHint.z
      value: 0
      objectReference: {fileID: 0}
    - target: {fileID: 464626, guid: 8e29574f61c003a45a3cc9a571582336, type: 3}
      propertyPath: m_LocalScale.x
      value: 0.3
      objectReference: {fileID: 0}
    - target: {fileID: 464626, guid: 8e29574f61c003a45a3cc9a571582336, type: 3}
      propertyPath: m_LocalScale.y
      value: 0.3
      objectReference: {fileID: 0}
    - target: {fileID: 464626, guid: 8e29574f61c003a45a3cc9a571582336, type: 3}
      propertyPath: m_LocalScale.z
      value: 0.3
      objectReference: {fileID: 0}
    m_RemovedComponents: []
  m_SourcePrefab: {fileID: 100100000, guid: 8e29574f61c003a45a3cc9a571582336, type: 3}
--- !u!4 &2038876993437642592 stripped
Transform:
  m_CorrespondingSourceObject: {fileID: 464626, guid: 8e29574f61c003a45a3cc9a571582336,
    type: 3}
  m_PrefabInstance: {fileID: 2038876993437972882}
  m_PrefabAsset: {fileID: 0}
--- !u!1001 &2038876994137791480
PrefabInstance:
  m_ObjectHideFlags: 0
  serializedVersion: 2
  m_Modification:
    m_TransformParent: {fileID: 2038876993241080565}
    m_Modifications:
    - target: {fileID: 137496, guid: 8e29574f61c003a45a3cc9a571582336, type: 3}
      propertyPath: m_Name
      value: Reed (4)
      objectReference: {fileID: 0}
    - target: {fileID: 464626, guid: 8e29574f61c003a45a3cc9a571582336, type: 3}
      propertyPath: m_LocalPosition.x
      value: 0
      objectReference: {fileID: 0}
    - target: {fileID: 464626, guid: 8e29574f61c003a45a3cc9a571582336, type: 3}
      propertyPath: m_LocalPosition.y
      value: 0
      objectReference: {fileID: 0}
    - target: {fileID: 464626, guid: 8e29574f61c003a45a3cc9a571582336, type: 3}
      propertyPath: m_LocalPosition.z
      value: 3.8
      objectReference: {fileID: 0}
    - target: {fileID: 464626, guid: 8e29574f61c003a45a3cc9a571582336, type: 3}
      propertyPath: m_LocalRotation.x
      value: -0
      objectReference: {fileID: 0}
    - target: {fileID: 464626, guid: 8e29574f61c003a45a3cc9a571582336, type: 3}
      propertyPath: m_LocalRotation.y
      value: -0
      objectReference: {fileID: 0}
    - target: {fileID: 464626, guid: 8e29574f61c003a45a3cc9a571582336, type: 3}
      propertyPath: m_LocalRotation.z
      value: -0
      objectReference: {fileID: 0}
    - target: {fileID: 464626, guid: 8e29574f61c003a45a3cc9a571582336, type: 3}
      propertyPath: m_LocalRotation.w
      value: 1
      objectReference: {fileID: 0}
    - target: {fileID: 464626, guid: 8e29574f61c003a45a3cc9a571582336, type: 3}
      propertyPath: m_RootOrder
      value: 3
      objectReference: {fileID: 0}
    - target: {fileID: 464626, guid: 8e29574f61c003a45a3cc9a571582336, type: 3}
      propertyPath: m_LocalEulerAnglesHint.x
      value: 0
      objectReference: {fileID: 0}
    - target: {fileID: 464626, guid: 8e29574f61c003a45a3cc9a571582336, type: 3}
      propertyPath: m_LocalEulerAnglesHint.y
      value: 0
      objectReference: {fileID: 0}
    - target: {fileID: 464626, guid: 8e29574f61c003a45a3cc9a571582336, type: 3}
      propertyPath: m_LocalEulerAnglesHint.z
      value: 0
      objectReference: {fileID: 0}
    - target: {fileID: 464626, guid: 8e29574f61c003a45a3cc9a571582336, type: 3}
      propertyPath: m_LocalScale.x
      value: 0.3
      objectReference: {fileID: 0}
    - target: {fileID: 464626, guid: 8e29574f61c003a45a3cc9a571582336, type: 3}
      propertyPath: m_LocalScale.y
      value: 0.3
      objectReference: {fileID: 0}
    - target: {fileID: 464626, guid: 8e29574f61c003a45a3cc9a571582336, type: 3}
      propertyPath: m_LocalScale.z
      value: 0.3
      objectReference: {fileID: 0}
    m_RemovedComponents: []
  m_SourcePrefab: {fileID: 100100000, guid: 8e29574f61c003a45a3cc9a571582336, type: 3}
--- !u!4 &2038876994137722122 stripped
Transform:
  m_CorrespondingSourceObject: {fileID: 464626, guid: 8e29574f61c003a45a3cc9a571582336,
    type: 3}
  m_PrefabInstance: {fileID: 2038876994137791480}
  m_PrefabAsset: {fileID: 0}
--- !u!1001 &2038876994493867236
PrefabInstance:
  m_ObjectHideFlags: 0
  serializedVersion: 2
  m_Modification:
    m_TransformParent: {fileID: 2038876993241080565}
    m_Modifications:
    - target: {fileID: 111856, guid: ab5e0beb1c36778479983f28b65d97dd, type: 3}
      propertyPath: m_Name
      value: Fence Type2 03 (1)
      objectReference: {fileID: 0}
    - target: {fileID: 441386, guid: ab5e0beb1c36778479983f28b65d97dd, type: 3}
      propertyPath: m_LocalPosition.x
      value: 0.6
      objectReference: {fileID: 0}
    - target: {fileID: 441386, guid: ab5e0beb1c36778479983f28b65d97dd, type: 3}
      propertyPath: m_LocalPosition.y
      value: 0
      objectReference: {fileID: 0}
    - target: {fileID: 441386, guid: ab5e0beb1c36778479983f28b65d97dd, type: 3}
      propertyPath: m_LocalPosition.z
      value: 3.6
      objectReference: {fileID: 0}
    - target: {fileID: 441386, guid: ab5e0beb1c36778479983f28b65d97dd, type: 3}
      propertyPath: m_LocalRotation.x
      value: 0.0000000218557
      objectReference: {fileID: 0}
    - target: {fileID: 441386, guid: ab5e0beb1c36778479983f28b65d97dd, type: 3}
      propertyPath: m_LocalRotation.y
      value: -6.5402975e-11
      objectReference: {fileID: 0}
    - target: {fileID: 441386, guid: ab5e0beb1c36778479983f28b65d97dd, type: 3}
      propertyPath: m_LocalRotation.z
      value: -0.000000044359606
      objectReference: {fileID: 0}
    - target: {fileID: 441386, guid: ab5e0beb1c36778479983f28b65d97dd, type: 3}
      propertyPath: m_LocalRotation.w
      value: 1
      objectReference: {fileID: 0}
    - target: {fileID: 441386, guid: ab5e0beb1c36778479983f28b65d97dd, type: 3}
      propertyPath: m_RootOrder
      value: 4
      objectReference: {fileID: 0}
    - target: {fileID: 441386, guid: ab5e0beb1c36778479983f28b65d97dd, type: 3}
      propertyPath: m_LocalEulerAnglesHint.x
      value: 0
      objectReference: {fileID: 0}
    - target: {fileID: 441386, guid: ab5e0beb1c36778479983f28b65d97dd, type: 3}
      propertyPath: m_LocalEulerAnglesHint.y
      value: 0
      objectReference: {fileID: 0}
    - target: {fileID: 441386, guid: ab5e0beb1c36778479983f28b65d97dd, type: 3}
      propertyPath: m_LocalEulerAnglesHint.z
      value: 0
      objectReference: {fileID: 0}
    - target: {fileID: 441386, guid: ab5e0beb1c36778479983f28b65d97dd, type: 3}
      propertyPath: m_LocalScale.x
      value: 0.5
      objectReference: {fileID: 0}
    - target: {fileID: 441386, guid: ab5e0beb1c36778479983f28b65d97dd, type: 3}
      propertyPath: m_LocalScale.y
      value: 0.5
      objectReference: {fileID: 0}
    - target: {fileID: 441386, guid: ab5e0beb1c36778479983f28b65d97dd, type: 3}
      propertyPath: m_LocalScale.z
      value: 0.5
      objectReference: {fileID: 0}
    - target: {fileID: 6435202, guid: ab5e0beb1c36778479983f28b65d97dd, type: 3}
      propertyPath: m_Convex
      value: 1
      objectReference: {fileID: 0}
    - target: {fileID: 6435202, guid: ab5e0beb1c36778479983f28b65d97dd, type: 3}
      propertyPath: m_IsTrigger
      value: 1
      objectReference: {fileID: 0}
    m_RemovedComponents: []
  m_SourcePrefab: {fileID: 100100000, guid: ab5e0beb1c36778479983f28b65d97dd, type: 3}
--- !u!4 &2038876994493700302 stripped
Transform:
  m_CorrespondingSourceObject: {fileID: 441386, guid: ab5e0beb1c36778479983f28b65d97dd,
    type: 3}
  m_PrefabInstance: {fileID: 2038876994493867236}
  m_PrefabAsset: {fileID: 0}
--- !u!1001 &2038876994609628718
PrefabInstance:
  m_ObjectHideFlags: 0
  serializedVersion: 2
  m_Modification:
    m_TransformParent: {fileID: 2038876993241080565}
    m_Modifications:
    - target: {fileID: 137496, guid: 8e29574f61c003a45a3cc9a571582336, type: 3}
      propertyPath: m_Name
      value: Reed (3)
      objectReference: {fileID: 0}
    - target: {fileID: 464626, guid: 8e29574f61c003a45a3cc9a571582336, type: 3}
      propertyPath: m_LocalPosition.x
      value: -0.475
      objectReference: {fileID: 0}
    - target: {fileID: 464626, guid: 8e29574f61c003a45a3cc9a571582336, type: 3}
      propertyPath: m_LocalPosition.y
      value: 0
      objectReference: {fileID: 0}
    - target: {fileID: 464626, guid: 8e29574f61c003a45a3cc9a571582336, type: 3}
      propertyPath: m_LocalPosition.z
      value: 3.8
      objectReference: {fileID: 0}
    - target: {fileID: 464626, guid: 8e29574f61c003a45a3cc9a571582336, type: 3}
      propertyPath: m_LocalRotation.x
      value: -0
      objectReference: {fileID: 0}
    - target: {fileID: 464626, guid: 8e29574f61c003a45a3cc9a571582336, type: 3}
      propertyPath: m_LocalRotation.y
      value: -0
      objectReference: {fileID: 0}
    - target: {fileID: 464626, guid: 8e29574f61c003a45a3cc9a571582336, type: 3}
      propertyPath: m_LocalRotation.z
      value: -0
      objectReference: {fileID: 0}
    - target: {fileID: 464626, guid: 8e29574f61c003a45a3cc9a571582336, type: 3}
      propertyPath: m_LocalRotation.w
      value: 1
      objectReference: {fileID: 0}
    - target: {fileID: 464626, guid: 8e29574f61c003a45a3cc9a571582336, type: 3}
      propertyPath: m_RootOrder
      value: 2
      objectReference: {fileID: 0}
    - target: {fileID: 464626, guid: 8e29574f61c003a45a3cc9a571582336, type: 3}
      propertyPath: m_LocalEulerAnglesHint.x
      value: 0
      objectReference: {fileID: 0}
    - target: {fileID: 464626, guid: 8e29574f61c003a45a3cc9a571582336, type: 3}
      propertyPath: m_LocalEulerAnglesHint.y
      value: 0
      objectReference: {fileID: 0}
    - target: {fileID: 464626, guid: 8e29574f61c003a45a3cc9a571582336, type: 3}
      propertyPath: m_LocalEulerAnglesHint.z
      value: 0
      objectReference: {fileID: 0}
    - target: {fileID: 464626, guid: 8e29574f61c003a45a3cc9a571582336, type: 3}
      propertyPath: m_LocalScale.x
      value: 0.3
      objectReference: {fileID: 0}
    - target: {fileID: 464626, guid: 8e29574f61c003a45a3cc9a571582336, type: 3}
      propertyPath: m_LocalScale.y
      value: 0.3
      objectReference: {fileID: 0}
    - target: {fileID: 464626, guid: 8e29574f61c003a45a3cc9a571582336, type: 3}
      propertyPath: m_LocalScale.z
      value: 0.3
      objectReference: {fileID: 0}
    m_RemovedComponents: []
  m_SourcePrefab: {fileID: 100100000, guid: 8e29574f61c003a45a3cc9a571582336, type: 3}
--- !u!4 &2038876994609565916 stripped
Transform:
  m_CorrespondingSourceObject: {fileID: 464626, guid: 8e29574f61c003a45a3cc9a571582336,
    type: 3}
  m_PrefabInstance: {fileID: 2038876994609628718}
  m_PrefabAsset: {fileID: 0}
